%% This BibTeX bibliography file was created using BibDesk.
%% http://bibdesk.sourceforge.net/

%% Created for Jordon D Hemingway at 2016-12-04 20:17:26 -0500 


%% Saved with string encoding Unicode (UTF-8) 



@article{Fenner:2011cu,
	Author = {Fenner, Nathalie and Freeman, Chris},
	Date-Added = {2016-12-05 01:17:15 +0000},
	Date-Modified = {2016-12-05 01:17:15 +0000},
	Journal = {Nature Geoscience},
	Number = {12},
	Pages = {895--900},
	Title = {{Drought-induced carbon loss in peatlands}},
	Volume = {4},
	Year = {2011}}

@article{Herrmann:2016eo,
	Author = {Herrmann, Nicole and Boom, Arnoud and Carr, Andrew S and Chase, Brian M and Granger, Robyn and Hahn, Annette and Zabel, Matthias and Schefu{\ss}, Enno},
	Date-Added = {2016-12-05 01:17:15 +0000},
	Date-Modified = {2016-12-05 01:17:15 +0000},
	Journal = {Quaternary Science Reviews},
	Pages = {215--229},
	Title = {{Sources, transport and deposition of terrestrial organic material: A case study from southwestern Africa}},
	Volume = {149},
	Year = {2016}}

@article{Calmels:2007fk,
	Author = {Calmels, Damien and Gaillardet, J and Brenot, Agn{\`e}s and France-Lanord, Christian},
	Date-Added = {2016-11-18 19:01:54 +0000},
	Date-Modified = {2016-11-18 19:01:54 +0000},
	Journal = {Geology},
	Number = {11},
	Pages = {1003--5},
	Title = {{Sustained sulfide oxidation by physical erosion processes in the Mackenzie River basin: Climatic perspectives}},
	Volume = {35},
	Year = {2007}}

@article{Hoorn:1994vz,
	Author = {Hoorn, C},
	Date-Added = {2016-11-18 19:01:54 +0000},
	Date-Modified = {2016-11-18 19:01:54 +0000},
	Journal = {Palaeogeography, Palaeoclimatology, Palaeoecology},
	Pages = {187--238},
	Title = {{An environmental reconstruction of the palaeo-Amazon river system (Middle{\textendash}Late Miocene, NW Amazonia)}},
	Volume = {112},
	Year = {1994}}

@article{Torres:2016bd,
	Author = {Torres, Mark A and West, A Joshua and Clark, Kathryn E and Paris, Guillaume and Bouchez, Julien and Ponton, Camilo and Feakins, Sarah J and Galy, Valier V and Adkins, Jess F},
	Date-Added = {2016-11-18 19:01:54 +0000},
	Date-Modified = {2016-11-18 19:01:54 +0000},
	Journal = {Earth and Planetary Science Letters},
	Pages = {1--11},
	Title = {{The acid and alkalinity budgets of weathering in the Andes{\textendash}Amazon system: Insights into the erosional control of global biogeochemical cycles}},
	Year = {2016}}

@article{Kelemen:2015ec,
	Author = {Kelemen, Peter B and Manning, Craig E},
	Date-Added = {2016-11-18 16:26:48 +0000},
	Date-Modified = {2016-11-18 16:26:48 +0000},
	Journal = {Proceedings of the National Academy of Sciences},
	Number = {30},
	Pages = {E3997--E4006},
	Title = {{Reevaluating carbon fluxes in subduction zones, what goes down, mostly comes up}},
	Volume = {112},
	Year = {2015}}

@article{Molnar:1990um,
	Author = {Molnar, P and England, P},
	Date-Added = {2016-11-18 16:26:48 +0000},
	Date-Modified = {2016-11-18 16:27:17 +0000},
	Journal = {Nature},
	Pages = {29--34},
	Title = {{Late Cenozoic uplift of mountain ranges and global climate change: chicken or egg?}},
	Volume = {346},
	Year = {1990}}

@article{Maher:2014kq,
	Author = {Maher, Kate and Chamberlain, C P},
	Date-Added = {2016-11-18 01:43:41 +0000},
	Date-Modified = {2016-11-18 01:43:41 +0000},
	Journal = {Science},
	Number = {6178},
	Pages = {1502--1504},
	Title = {{Hydrologic Regulation of Chemical Weathering and the Geologic Carbon Cycle}},
	Volume = {343},
	Year = {2014}}

@article{Bardgett:2007eb,
	Author = {Bardgett, Richard D and Richter, Andreas and Bol, Roland and Garnett, Mark H and B{\"a}umler, Rupert and Xu, Xingliang and Lopez-Capel, Elisa and Manning, David A C and Hobbs, Phil J and Hartley, Ian R and Wanek, Wolfgang},
	Date-Added = {2016-11-18 01:38:21 +0000},
	Date-Modified = {2016-11-18 01:38:21 +0000},
	Journal = {Biology Letters},
	Number = {5},
	Pages = {487--490},
	Title = {{Heterotrophic microbial communities use ancient carbon following glacial retreat}},
	Volume = {3},
	Year = {2007}}

@article{Becker:2008bd,
	Author = {Becker, John A and Bickle, Mike J and Galy, A and Holland, Tim J B},
	Date-Added = {2016-11-18 01:38:21 +0000},
	Date-Modified = {2016-11-18 01:38:21 +0000},
	Journal = {Earth and Planetary Science Letters},
	Number = {3-4},
	Pages = {616--629},
	Title = {{Himalayan metamorphic CO$_{2}$ fluxes: Quantitative constraints from hydrothermal springs}},
	Volume = {265},
	Year = {2008}}

@article{Berner:1989vr,
	Author = {Berner, R A and Canfield, D E},
	Date-Added = {2016-11-18 01:38:21 +0000},
	Date-Modified = {2016-11-18 01:38:21 +0000},
	Journal = {American Journal of Science},
	Number = {4},
	Pages = {333--361},
	Title = {{A new model for atmospheric oxygen over Phanerozoic time}},
	Volume = {289},
	Year = {1989}}

@article{Berner:1997df,
	Author = {Berner, R A and Caldeira, Ken},
	Date-Added = {2016-11-18 01:38:21 +0000},
	Date-Modified = {2016-11-18 01:38:21 +0000},
	Journal = {Geology},
	Number = {10},
	Pages = {955--956},
	Title = {{The need for mass balance and feedback in the geochemical carbon cycle}},
	Volume = {25},
	Year = {1997}}

@article{Beyssac:2007wg,
	Author = {Beyssac, O and Simoes, M and Avouac, J P and Farley, K A and Chen, Yue Gau and Chan, Yu Chang and Goff{\'e}, Bruno},
	Date-Added = {2016-11-18 01:38:21 +0000},
	Date-Modified = {2016-11-18 01:38:21 +0000},
	Journal = {Tectonics},
	Pages = {TC6001},
	Title = {{Late Cenozoic metamorphic evolution and exhumation of Taiwan}},
	Volume = {26},
	Year = {2007}}

@article{Blair:1985ti,
	Author = {Blair, N E and Leu, A and Mu{\~n}oz, E and Olsen, J and Kwong, E and Des Marais, D J},
	Date-Added = {2016-11-18 01:38:21 +0000},
	Date-Modified = {2016-11-18 01:38:21 +0000},
	Journal = {Applied and Environmental Microbiology},
	Pages = {996--1001},
	Title = {{Carbon isotopic fractionation in heterotrophic microbial metabolism.}},
	Volume = {50},
	Year = {1985}}

@article{Brantley:2011ku,
	Author = {Brantley, S L and Megonigal, J P and Scatena, F N and Balogh-Brunstad, Z and Barnes, R T and Bruns, M A and van Cappellen, P and Dontsova, K and Hartnett, Hilairy E and Hartshorn, A S and Heimsath, A and Herndon, E and Jin, L and Keller, C K and Leake, J R and McDowell, W H and Meinzer, F C and Mozdzer, T J and Petsch, Steven T and Pett-Ridge, J and Pregitzer, K S and Raymond, Peter and Riebe, C S and Shumaker, K and Sutton-Grier, A and Walter, R and Yoo, K},
	Date-Added = {2016-11-18 01:38:21 +0000},
	Date-Modified = {2016-11-18 01:38:21 +0000},
	Journal = {Geobiology},
	Pages = {140--165},
	Title = {{Twelve testable hypotheses on the geobiology of weathering}},
	Volume = {9},
	Year = {2011}}

@article{Bush:2013ie,
	Author = {Bush, Rosemary T and McInerney, Francesca A},
	Date-Added = {2016-11-18 01:38:21 +0000},
	Date-Modified = {2016-11-18 01:38:21 +0000},
	Journal = {Geochimica et Cosmochimica Acta},
	Pages = {161--179},
	Title = {{Leaf wax \emph{n}-alkane distributions in and across modern plants: Implications for paleoecology and chemotaxonomy}},
	Volume = {117},
	Year = {2013}}

@article{Calmels:2011gv,
	Author = {Calmels, Damien and Galy, A and Hovius, N and Bickle, Mike J and West, A Joshua and Chen, Meng-Chiang and Chapman, Hazel},
	Date-Added = {2016-11-18 01:38:21 +0000},
	Date-Modified = {2016-11-18 01:38:21 +0000},
	Journal = {Earth and Planetary Science Letters},
	Number = {1-2},
	Pages = {48--58},
	Title = {{Contribution of deep groundwater to the weathering budget in a rapidly eroding mountain belt, Taiwan}},
	Volume = {303},
	Year = {2011}}

@article{Chang:2002wr,
	Author = {Chang, J-C and Slaymaker, O},
	Date-Added = {2016-11-18 01:38:21 +0000},
	Date-Modified = {2016-11-18 01:38:21 +0000},
	Journal = {Catena},
	Pages = {285--307},
	Title = {{Frequency and spatial distribution of landslides in a mountainous drainage basin: Western Foothills, Taiwan}},
	Volume = {46},
	Year = {2002}}

@article{Chang:2007fm,
	Author = {Chang, Kang-Tsung and Chiang, Shou-Hao and Hsu, Mei-Ling},
	Date-Added = {2016-11-18 01:38:21 +0000},
	Date-Modified = {2016-11-18 01:38:21 +0000},
	Journal = {Geomorphology},
	Number = {3-4},
	Pages = {335--347},
	Title = {{Modeling typhoon- and earthquake-induced landslides in a mountainous watershed using logistic regression}},
	Volume = {89},
	Year = {2007}}

@article{Chang:1999vo,
	Author = {Chang, Soobum and Berner, R A},
	Date-Added = {2016-11-18 01:38:21 +0000},
	Date-Modified = {2016-11-18 01:38:21 +0000},
	Journal = {Geochimica et Cosmochimica Acta},
	Pages = {3301--3310},
	Title = {{Coal weathering and the geochemical carbon cycle}},
	Volume = {63},
	Year = {1999}}

@misc{Chen:2000mp,
	Author = {Chen, C H and HC, Ho and Shea, K S and Lo, W and Lin, W H and Chang, H C and Huang, C S and Lin, C W and Chen, G H and Yang, C N and Lee, Y H},
	Date-Added = {2016-11-18 01:38:21 +0000},
	Date-Modified = {2016-11-18 01:38:21 +0000},
	Title = {{Geological map of Taiwan, 1:500,000}},
	Year = {2000}}

@article{Chen:2013eh,
	Author = {Chen, Yi-Chin and Chang, Kang-tsung and Chiu, Yu-Jia and Lau, Sze-Man and Lee, Hong-Yuan},
	Date-Added = {2016-11-18 01:38:21 +0000},
	Date-Modified = {2016-11-18 01:38:21 +0000},
	Journal = {Earth Surface Processes and Landforms},
	Number = {4},
	Pages = {372--382},
	Title = {{Quantifying rainfall controls on catchment-scale landslide erosion in Taiwan}},
	Volume = {38},
	Year = {2013}}

@article{Chen:2015hs,
	Author = {Chen, Yi-Chin and Chang, Kang-tsung and Lee, Hong-Yuan and Chiang, Shou-Hao},
	Date-Added = {2016-11-18 01:38:21 +0000},
	Date-Modified = {2016-11-18 01:38:21 +0000},
	Journal = {Geomorphology},
	Pages = {756--764},
	Title = {{Average landslide erosion rate at the watershed scale in southern Taiwan estimated from magnitude and frequency of rainfall}},
	Volume = {228},
	Year = {2015}}

@article{Colodner:1993tl,
	Author = {Colodner, D and Sachs, J and Ravizza, G and Turekian, K and Edmond, J and Boyle, Edward A},
	Date-Added = {2016-11-18 01:38:21 +0000},
	Date-Modified = {2016-11-18 01:38:21 +0000},
	Journal = {Earth and Planetary Science Letters},
	Pages = {205--221},
	Title = {{The geochemical cycle of rhenium: a reconnaissance}},
	Volume = {117},
	Year = {1993}}

@article{Dalai:2002wg,
	Author = {Dalai, T K and Singh, Sunil Kumar and Trivedi, J R},
	Date-Added = {2016-11-18 01:38:21 +0000},
	Date-Modified = {2016-11-18 01:38:21 +0000},
	Journal = {Geochimica et Cosmochimica Acta},
	Pages = {29--43},
	Title = {{Dissolved rhenium in the Yamuna River System and the Ganga in the Himalaya: Role of black shale weathering on the budgets of Re, Os, and U in rivers and CO$_{2}$ in the atmosphere}},
	Volume = {66},
	Year = {2002}}

@article{Forney:2012dr,
	Author = {Forney, D C and Rothman, Daniel H},
	Date-Added = {2016-11-18 01:38:21 +0000},
	Date-Modified = {2016-11-18 01:38:21 +0000},
	Journal = {Journal of The Royal Society Interface},
	Pages = {2255--2267},
	Title = {{Common structure in the heterogeneity of plant-matter decay}},
	Volume = {9},
	Year = {2012}}

@article{FranceLanord:1997ua,
	Author = {France-Lanord, Christian and Derry, L A},
	Date-Added = {2016-11-18 01:38:21 +0000},
	Date-Modified = {2016-11-18 01:38:21 +0000},
	Journal = {Nature},
	Number = {6655},
	Pages = {65--67},
	Title = {{Organic carbon burial forcing of the carbon cycle from Himalayan erosion}},
	Volume = {390},
	Year = {1997}}

@article{Hovius:2011kc,
	Author = {Hovius, N and Meunier, Patrick and Ching-Weei, Lin and Hongey, Chen and Yue-Gau, Chen and Dadson, S and Ming-Jame, Horng and Lines, Max},
	Date-Added = {2016-11-18 01:38:21 +0000},
	Date-Modified = {2016-11-18 01:38:21 +0000},
	Journal = {Earth and Planetary Science Letters},
	Number = {3-4},
	Pages = {347--355},
	Title = {{Prolonged seismically induced erosion and the mass balance of a large earthquake}},
	Volume = {304},
	Year = {2011}}

@article{Jaffe:2002wya,
	Author = {Jaffe, L A and Peucker-Ehrenbrink, Bernhard and Petsch, Steven T},
	Date-Added = {2016-11-18 01:38:21 +0000},
	Date-Modified = {2016-11-18 01:38:21 +0000},
	Journal = {Earth and Planetary Science Letters},
	Pages = {339--353},
	Title = {{Mobility of rhenium, platinum group elements and organic carbon during black shale weathering}},
	Volume = {198},
	Year = {2002}}

@article{Larsen:2010dr,
	Author = {Larsen, Isaac J and Montgomery, David R and Korup, Oliver},
	Date-Added = {2016-11-18 01:38:21 +0000},
	Date-Modified = {2016-11-18 01:38:21 +0000},
	Journal = {Nature Geoscience},
	Number = {4},
	Pages = {247--251},
	Title = {{Landslide erosion controlled by hillslope material}},
	Volume = {3},
	Year = {2010}}

@article{Larsen:2014gq,
	Author = {Larsen, Isaac J and Almond, P C and Eger, A and Stone, J O and Montgomery, D R and Malcolm, B},
	Date-Added = {2016-11-18 01:38:21 +0000},
	Date-Modified = {2016-11-18 01:38:21 +0000},
	Journal = {Science},
	Number = {6171},
	Pages = {637--640},
	Title = {{Rapid Soil Production and Weathering in the Southern Alps, New Zealand}},
	Volume = {343},
	Year = {2014}}

@article{Petsch:2005gd,
	Author = {Petsch, Steven T and Edwards, K J and Eglinton, Timothy I},
	Date-Added = {2016-11-18 01:38:21 +0000},
	Date-Modified = {2016-11-18 01:38:21 +0000},
	Journal = {Palaeogeography, Palaeoclimatology, Palaeoecology},
	Number = {1-2},
	Pages = {157--170},
	Title = {{Microbial transformations of organic matter in black shales and implications for global biogeochemical cycles}},
	Volume = {219},
	Year = {2005}}

@incollection{Petsch:2014ct,
	Author = {Petsch, Steven T},
	Booktitle = {Treatise on Geochemistry},
	Date-Added = {2016-11-18 01:38:21 +0000},
	Date-Modified = {2016-11-18 01:38:21 +0000},
	Pages = {217--238},
	Publisher = {Elsevier Ltd.},
	Title = {{12.8 Weathering of Organic Carbon}},
	Year = {2014}}

@article{Selby:2003iq,
	Author = {Selby, Hugh D and Roland, Bryan K and Zheng, Zhiping},
	Date-Added = {2016-11-18 01:38:21 +0000},
	Date-Modified = {2016-11-18 01:38:21 +0000},
	Journal = {Accounts of Chemical Research},
	Number = {12},
	Pages = {933--944},
	Title = {{Ligand-Bridged Oligomeric and Supramolecular Arrays of the Hexanuclear Rhenium Selenide Clusters{\textminus}Exploratory Synthesis, Structural Characterization, and Property Investigation}},
	Volume = {36},
	Year = {2003}}

@article{Torres:2014cx,
	Author = {Torres, Mark A and West, A Joshua and Li, Gaojun},
	Date-Added = {2016-11-18 01:38:21 +0000},
	Date-Modified = {2016-11-18 01:38:21 +0000},
	Journal = {Nature},
	Number = {7492},
	Pages = {346--349},
	Title = {{Sulphide oxidation and carbonate dissolution as a source of CO$_{2}$ over geological timescales}},
	Volume = {507},
	Year = {2014}}

@article{West:2011eo,
	Author = {West, A Joshua and Lin, C W and Lin, T C and Hilton, R G and Liu, S H and Chang, C T and Lin, K C and Galy, A and Sparkes, R B and Hovius, N},
	Date-Added = {2016-11-18 01:38:21 +0000},
	Date-Modified = {2016-11-18 01:38:21 +0000},
	Journal = {Limnology and Oceanography},
	Number = {1},
	Pages = {77--85},
	Title = {{Mobilization and transport of coarse woody debris to the oceans triggered by an extreme tropical storm}},
	Volume = {56},
	Year = {2010}}

@article{West:2012cp,
	Author = {West, A Joshua},
	Date-Added = {2016-11-18 01:38:21 +0000},
	Date-Modified = {2016-11-18 01:38:21 +0000},
	Journal = {Geology},
	Number = {9},
	Pages = {811--814},
	Title = {{Thickness of the chemical weathering zone and implications for erosional and climatic drivers of weathering and for carbon-cycle feedbacks}},
	Volume = {40},
	Year = {2012}}

@article{Wildman:2004wf,
	Author = {Wildman, R A and Berner, R A and Petsch, Steven T and EW, Bolton and JO, Eckert and U, Mok and JB, Evans},
	Date-Added = {2016-11-18 01:38:21 +0000},
	Date-Modified = {2016-11-18 01:38:21 +0000},
	Journal = {American Journal of Science},
	Pages = {234--249},
	Title = {{The weathering of sedimentary organic matter as a control on atmospheric O$_{2}$: I. Analysis of a black shale}},
	Volume = {304},
	Year = {2004}}

@article{Marty:1998vo,
	Author = {Marty, B and Tolstikhin, I N},
	Date-Added = {2016-11-16 23:57:10 +0000},
	Date-Modified = {2016-11-16 23:57:10 +0000},
	Journal = {Chemical Geology},
	Pages = {233--248},
	Title = {{CO$_{2}$ fluxes from mid-ocean ridges, arcs and plumes}},
	Volume = {145},
	Year = {1998}}

@article{Walker:1981wn,
	Author = {Walker, JCG and Hays, P B and Kasting, J F},
	Date-Added = {2016-11-16 23:57:10 +0000},
	Date-Modified = {2016-11-16 23:57:10 +0000},
	Journal = {Journal of Geophysical Research},
	Pages = {9776--9782},
	Title = {{A negative feedback mechanism for the long-term stabilization of Earth's surface temperature}},
	Volume = {86},
	Year = {1981}}

@article{Berner:1999wj,
	Author = {Berner, R A},
	Date-Added = {2016-11-14 21:56:51 +0000},
	Date-Modified = {2016-11-14 21:56:51 +0000},
	Journal = {GSA Today},
	Number = {11},
	Pages = {1--6},
	Title = {{A new look at the long-term carbon cycle}},
	Volume = {9},
	Year = {1999}}

@article{Burdige:2005tr,
	Author = {Burdige, D J},
	Date-Added = {2016-11-14 21:56:51 +0000},
	Date-Modified = {2016-11-14 21:56:51 +0000},
	Journal = {Global Biogeochemical Cycles},
	Number = {4},
	Title = {{Burial of terrestrial organic matter in marine sediments: A re-assessment}},
	Volume = {19},
	Year = {2005}}

@article{Hilton:2016dz,
	Author = {Hilton, R G},
	Date-Added = {2016-11-14 21:56:51 +0000},
	Date-Modified = {2016-11-14 21:59:50 +0000},
	Journal = {Geomorphology},
	Title = {{Climate regulates the erosional carbon export from the terrestrial biosphere}},
	Volume = {\textit{in press}},
	Year = {2016}}

@article{Jian:2009bz,
	Author = {Jian, Jun and Webster, Peter J and Hoyos, Carlos D},
	Date-Added = {2016-11-14 21:56:51 +0000},
	Date-Modified = {2016-11-14 21:56:51 +0000},
	Journal = {Quarterly Journal of the Royal Meteorological Society},
	Month = jan,
	Number = {639},
	Pages = {353--370},
	Title = {{Large-scale controls on Ganges and Brahmaputra river discharge on intraseasonal and seasonal time-scales}},
	Volume = {135},
	Year = {2009}}

@article{Ludwig:1996ul,
	Author = {Ludwig, Wolfgang and Probst, Jean-Luc and Kempe, S},
	Date-Added = {2016-11-14 21:56:51 +0000},
	Date-Modified = {2016-11-14 21:56:51 +0000},
	Journal = {Global Biogeochemical Cycles},
	Pages = {23--41},
	Title = {{Predicting the oceanic input of organic carbon by continental erosion}},
	Volume = {10},
	Year = {1996}}

@article{Ludwig:1998ud,
	Author = {Ludwig, Wolfgang and Probst, Jean-Luc},
	Date-Added = {2016-11-14 21:56:51 +0000},
	Date-Modified = {2016-11-14 21:56:51 +0000},
	Journal = {American Journal of Science},
	Pages = {265--295},
	Title = {{River sediment discharge to the oceans; present-day controls and global budgets}},
	Volume = {298},
	Year = {1998}}

@article{Milliman:1992fu,
	Author = {Milliman, J D and Syvitski, JPM},
	Date-Added = {2016-11-14 21:56:51 +0000},
	Date-Modified = {2016-11-14 21:56:51 +0000},
	Journal = {The Journal of Geology},
	Number = {5},
	Pages = {525--544},
	Title = {{Geomorphic/tectonic control of sediment discharge to the ocean: The importance of small mountainous rivers}},
	Volume = {100},
	Year = {1992}}

@article{Peterson:2002hj,
	Author = {Peterson, Bruce J and Holmes, Robert M and McClelland, James W and V{\"o}r{\"o}smarty, Charles J and Lammers, Richard B and Shiklomanov, Alexander I and Shiklomanov, Igor A and Rahmstorf, Stefan},
	Date-Added = {2016-11-14 21:56:51 +0000},
	Date-Modified = {2016-11-14 21:56:51 +0000},
	Journal = {Science},
	Number = {5601},
	Pages = {2171--2173},
	Title = {{Increasing River Discharge to the Arctic Ocean}},
	Volume = {298},
	Year = {2002}}

@article{Raymond:2003fd,
	Author = {Raymond, Peter},
	Date-Added = {2016-11-14 21:56:51 +0000},
	Date-Modified = {2016-11-14 21:56:51 +0000},
	Journal = {Science},
	Month = jul,
	Number = {5629},
	Pages = {88--91},
	Title = {{Increase in the Export of Alkalinity from North America's Largest River}},
	Volume = {301},
	Year = {2003}}

@incollection{Sarmiento:2006wz,
	Author = {Sarmiento, J L and Gruber, N},
	Booktitle = {Ocean Biogeochemical Dynamics},
	Date-Added = {2016-11-14 21:56:51 +0000},
	Date-Modified = {2016-11-16 23:57:48 +0000},
	Pages = {392--454},
	Publisher = {Princeton University Press},
	Title = {{Carbon cycle, CO$_{2}$, and climate}},
	Year = {2006}}

@article{Schillawski:2008ko,
	Author = {Schillawski, Sarah and Petsch, Steven T},
	Date-Added = {2016-11-14 21:56:51 +0000},
	Date-Modified = {2016-11-14 21:56:51 +0000},
	Journal = {Global Biogeochemical Cycles},
	Month = jul,
	Number = {3},
	Pages = {GB3002},
	Title = {{Release of biodegradable dissolved organic matter from ancient sedimentary rocks}},
	Volume = {22},
	Year = {2008}}

@article{Voss:2015dd,
	Author = {Voss, B M and Peucker-Ehrenbrink, Bernhard and Eglinton, Timothy I and Spencer, Robert GM and Bulygina, E and Galy, Valier V and Lamborg, C H and Ganguli, P M and Montlu{\c c}on, D B and Marsh, S and Gillies, S L and Fanslau, J and Epp, A and Luymes, R},
	Date-Added = {2016-11-14 21:56:51 +0000},
	Date-Modified = {2016-11-14 21:59:19 +0000},
	Journal = {Biogeosciences},
	Number = {19},
	Pages = {5597--5618},
	Title = {{Seasonal hydrology drives rapid shifts in the flux and composition of dissolved and particulate organic carbon and major and trace ions in the Fraser River, Canada}},
	Volume = {12},
	Year = {2015}}

@article{Turowski:2008iz,
	Author = {Turowski, Jens M and Hovius, N and Meng-Long, Hsieh and Lague, D and Men-Chiang, Chen},
	Date-Added = {2016-11-08 14:34:20 +0000},
	Date-Modified = {2016-11-08 14:34:20 +0000},
	Journal = {Earth Surface Processes and Landforms},
	Number = {3},
	Pages = {353--363},
	Title = {{Distribution of erosion across bedrock channels}},
	Volume = {33},
	Year = {2008}}

@article{Dadson:2003kl,
	Author = {Dadson, S and Hovius, N and Chen, H and Dade, W Brian and Hsieh, Meng-Long and Willett, Sean D and Hu, Jyr-Ching and Horng, Ming-Jame and Chen, Meng-Chiang and Stark, Colin P and Lague, D and Lin, Jiun-Chuan},
	Date-Added = {2016-11-08 14:28:40 +0000},
	Date-Modified = {2016-11-08 14:28:40 +0000},
	Journal = {Nature},
	Number = {6967},
	Pages = {648--651},
	Title = {{Links between erosion, runoff variability and seismicity in the Taiwan orogen}},
	Volume = {426},
	Year = {2003}}

@article{Emberson:2016fp,
	Author = {Emberson, Robert and Hovius, N and Galy, A and Marc, Odin},
	Date-Added = {2016-11-08 14:28:40 +0000},
	Date-Modified = {2016-11-08 14:28:40 +0000},
	Journal = {Earth Surface Dynamics},
	Number = {3},
	Pages = {727--742},
	Title = {{Oxidation of sulfides and rapid weathering in recent landslides}},
	Volume = {4},
	Year = {2016}}

@article{Hilton:2011jw,
	Author = {Hilton, R G and Galy, A and Hovius, N and Horng, Ming-Jame and Chen, H},
	Date-Added = {2016-11-08 14:28:40 +0000},
	Date-Modified = {2016-11-08 14:28:40 +0000},
	Journal = {Geology},
	Pages = {71--74},
	Title = {{Efficient transport of fossil organic carbon to the ocean by steep mountain rivers: An orogenic carbon sequestration mechanism}},
	Volume = {39},
	Year = {2011}}

@article{Hilton:2012dt,
	Author = {Hilton, R G and Galy, A and Hovius, N and Kao, Shih-Ji and Horng, Ming-Jame and Chen, H},
	Date-Added = {2016-11-08 14:28:40 +0000},
	Date-Modified = {2016-11-08 14:28:40 +0000},
	Journal = {Global Biogeochemical Cycles},
	Number = {3},
	Pages = {GB3014},
	Title = {{Climatic and geomorphic controls on the erosion of terrestrial biomass from subtropical mountain forest}},
	Volume = {26},
	Year = {2012}}

@article{Hilton:2013kq,
	Author = {Hilton, R G and West, A Joshua and Galy, A and Hovius, N and Roberts, G G},
	Date-Added = {2016-11-08 14:28:40 +0000},
	Date-Modified = {2016-11-08 14:28:40 +0000},
	Journal = {Biogeosciences},
	Number = {3},
	Pages = {1693--1705},
	Title = {{Geomorphic control on the $\delta$$^{15}$N of mountain forests}},
	Volume = {10},
	Year = {2013}}

@article{Hovius:2000ht,
	Author = {Hovius, N and Stark, Colin P and Hao Tsu, Chu and Jiun Chuan, Lin},
	Date-Added = {2016-11-08 14:28:40 +0000},
	Date-Modified = {2016-11-08 14:28:40 +0000},
	Journal = {The Journal of Geology},
	Number = {1},
	Pages = {73--89},
	Title = {{Supply and removal of sediment in a landslide-dominated mountain belt: Central Range, Taiwan}},
	Volume = {108},
	Year = {2000}}

@article{Lin:2008fy,
	Author = {Lin, Guan-Wei and Chen, H and Hovius, N and Horng, Ming-Jame and Dadson, S and Meunier, Patrick and Lines, Max},
	Date-Added = {2016-11-08 14:28:40 +0000},
	Date-Modified = {2016-11-08 14:28:40 +0000},
	Journal = {Earth Surface Processes and Landforms},
	Number = {9},
	Pages = {1354--1373},
	Title = {{Effects of earthquake and cyclone sequencing on landsliding and fluvial sediment transfer in a mountain catchment}},
	Volume = {33},
	Year = {2008}}

@article{Teng:1990tu,
	Author = {Teng, L S},
	Date-Added = {2016-11-08 14:28:40 +0000},
	Date-Modified = {2016-11-08 14:28:40 +0000},
	Journal = {Tectonophysics},
	Number = {1},
	Pages = {57--76},
	Title = {{Geotectonic evolution of late Cenozoic arc-continent collision in Taiwan}},
	Volume = {183},
	Year = {1990}}

@article{Tsai:2001vp,
	Author = {Tsai, Chen-Chi and Chen, Zueng-Sang and Duh, Chin-Tzer and Horng, Fu-Wen},
	Date-Added = {2016-11-08 14:28:40 +0000},
	Date-Modified = {2016-11-08 14:28:40 +0000},
	Journal = {Proceedings of the National Science Council, Republic of China.},
	Pages = {34--39},
	Title = {{Prediction of soil depth using a soil{\textendash}landscape regression model: A case study on forest soils in southern Taiwan}},
	Volume = {25},
	Year = {2001}}

@phdthesis{Fornace:2016th,
	Author = {Kyrstin Fornace},
	Date-Added = {2016-11-07 18:06:48 +0000},
	Date-Modified = {2016-11-07 18:08:32 +0000},
	School = {WHOI--MIT Joint Program},
	Title = {{Late Quaternary climate variability and terrestrial carbon cycling in tropical South America}},
	Year = {2016}}

@incollection{Berner:1980ux,
	Address = {Princeton, NJ},
	Author = {Berner, R A},
	Booktitle = {Early Diagenesis},
	Date-Added = {2016-10-25 19:17:31 +0000},
	Date-Modified = {2016-11-16 23:57:37 +0000},
	Pages = {57--89},
	Publisher = {Princeton University Press},
	Title = {{Diagenetic chemical processes I: Equilibrium, homogeneous, and microbial reactions}},
	Year = {1980}}

@article{Bradbury:1979to,
	Author = {Bradbury, AGW and Sakai, Y},
	Date-Added = {2016-10-25 19:17:31 +0000},
	Date-Modified = {2016-10-25 19:17:31 +0000},
	Journal = {Journal of Applied Polymer Science},
	Pages = {3271--3280},
	Title = {{A kinetic model for pyrolysis of cellulose}},
	Volume = {23},
	Year = {1979}}

@article{Burnham:1989vm,
	Author = {Burnham, A K and Braun, Robert L},
	Date-Added = {2016-10-25 19:17:31 +0000},
	Date-Modified = {2016-10-25 19:17:31 +0000},
	Journal = {Organic Geochemistry},
	Pages = {27--39},
	Title = {{Development of a detailed model of petroleum formation, destruction, and expulsion from lacustrine and marine source rocks}},
	Volume = {16},
	Year = {1989}}

@article{Burnham:1999ec,
	Author = {Burnham, A K and Braun, Robert L},
	Date-Added = {2016-10-25 19:17:31 +0000},
	Date-Modified = {2016-10-25 19:17:31 +0000},
	Journal = {Energy {\&} Fuels},
	Pages = {1--22},
	Title = {{Global kinetic analysis of complex materials}},
	Volume = {13},
	Year = {1999}}

@article{Forney:2014ws,
	Author = {Forney, D C and Rothman, Daniel H},
	Date-Added = {2016-10-25 19:17:31 +0000},
	Date-Modified = {2016-10-25 19:17:31 +0000},
	Journal = {Ecological Monographs},
	Pages = {109--129},
	Title = {{Carbon transit through degradation networks}},
	Volume = {84},
	Year = {2014}}

@article{Hansen:1994uc,
	Author = {Hansen, P C},
	Date-Added = {2016-10-25 19:17:31 +0000},
	Date-Modified = {2016-10-25 19:17:31 +0000},
	Journal = {Numerical Algorithms},
	Pages = {1--35},
	Title = {{Regularization tools: A Matlab package for analysis and solution of discrete ill-posed problems}},
	Volume = {6},
	Year = {1994}}

@article{Hedges:2001ve,
	Author = {Hedges, J I and Baldock, Jeffrey A and Gelinas, Yves and Lee, Cindy and Peterson, Michael and Wakeham, Stuart G},
	Date-Added = {2016-10-25 19:17:31 +0000},
	Date-Modified = {2016-10-25 19:17:31 +0000},
	Journal = {Nature},
	Pages = {801--804},
	Title = {{Evidence for non-selective preservation of organic matter in sinking marine particles}},
	Volume = {409},
	Year = {2001}}

@article{Lakshmanan:1991tr,
	Author = {Lakshmanan, C C and Bennett, M L and White, N},
	Date-Added = {2016-10-25 19:17:31 +0000},
	Date-Modified = {2016-10-25 19:17:31 +0000},
	Journal = {Energy {\&} Fuels},
	Pages = {110--117},
	Title = {{Implications of multiplicity in kinetic parameters to petroleum exploration: Distributed activation energy models}},
	Volume = {5},
	Year = {1991}}

@article{Lakshmanan:1994vs,
	Author = {Lakshmanan, C C and White, N},
	Date-Added = {2016-10-25 19:17:31 +0000},
	Date-Modified = {2016-10-25 19:17:31 +0000},
	Journal = {Energy {\&} Fuels},
	Pages = {1158--1167},
	Title = {{A new distributed activation energy model using Weibull distribution for the representation of complex kinetics}},
	Volume = {8},
	Year = {1994}}

@article{Oba:2008fv,
	Author = {Oba, Yasuhiro and Naraoka, Hiroshi},
	Date-Added = {2016-10-25 19:17:31 +0000},
	Date-Modified = {2016-10-25 19:17:31 +0000},
	Journal = {Organic Geochemistry},
	Pages = {501--509},
	Title = {{Carbon and hydrogen isotopic fractionation of low molecular weight organic compounds during ultraviolet degradation}},
	Volume = {39},
	Year = {2008}}

@book{Tikhonov:1977ui,
	Address = {Washington, DC},
	Author = {Tikhonov, A N and Arsenin, V Y},
	Date-Added = {2016-10-25 19:17:31 +0000},
	Date-Modified = {2016-10-25 19:17:31 +0000},
	Edition = {1},
	Publisher = {Winston and Sons},
	Title = {{Solutions of Ill-posed Problems (Scripta series in mathematics)}},
	Year = {1977}}

@article{Westrich:1984uj,
	Author = {Westrich, J T and Berner, R A},
	Date-Added = {2016-10-25 19:17:31 +0000},
	Date-Modified = {2016-10-25 19:17:31 +0000},
	Journal = {Limnology and Oceanography},
	Pages = {236--249},
	Title = {{The role of sedimentary organic matter in bacterial sulfate reduction: The \emph{G} model tested}},
	Volume = {29},
	Year = {1984}}

@article{Williams:2014bq,
	Author = {Williams, Elizabeth K and Rosenheim, B E and McNichol, Ann P and Masiello, Caroline A},
	Date-Added = {2016-10-25 19:17:31 +0000},
	Date-Modified = {2016-10-25 19:17:31 +0000},
	Journal = {Organic Geochemistry},
	Pages = {106--114},
	Title = {{Charring and non-additive chemical reactions during ramped pyrolysis: Applications to the characterization of sedimentary and soil organic material}},
	Volume = {77},
	Year = {2014}}

@article{Arnosti:2011iv,
	Author = {Arnosti, C},
	Date-Added = {2016-10-17 20:29:00 +0000},
	Date-Modified = {2016-10-17 20:29:00 +0000},
	Journal = {Annual Review of Marine Science},
	Pages = {401--425},
	Title = {{Microbial extracellular enzymes and the marine carbon cycle}},
	Volume = {3},
	Year = {2011}}

@article{Beaupre:2016km,
	Author = {Beaupr{\'e}, Steven R and Mahmoudi, Nagissa and Pearson, Ann},
	Date-Added = {2016-10-17 20:29:00 +0000},
	Date-Modified = {2016-10-17 20:29:00 +0000},
	Journal = {Limnology and Oceanography: Methods},
	Pages = {1--14},
	Title = {{IsoCaRB: A novel bioreactor system to characterize the lability and natural carbon isotopic ($^{14}$C, $^{13}$C) signatures of microbially respired organic matter}},
	Year = {2016}}

@article{Bianchi:2011cu,
	Author = {Bianchi, T S},
	Date-Added = {2016-10-17 20:29:00 +0000},
	Date-Modified = {2016-10-17 20:29:00 +0000},
	Journal = {Proceedings of the National Academy of Sciences},
	Pages = {19473--19481},
	Title = {{The role of terrestrially derived organic carbon in the coastal ocean: A changing paradigm and the priming effect}},
	Volume = {108},
	Year = {2011}}

@article{Blair:2012du,
	Author = {Blair, N E and Aller, R C},
	Date-Added = {2016-10-17 20:29:00 +0000},
	Date-Modified = {2016-10-17 20:29:00 +0000},
	Journal = {Annual Review of Marine Science},
	Pages = {401--423},
	Title = {{The fate of terrestrial organic carbon in the marine environment}},
	Volume = {4},
	Year = {2012}}

@article{Boudreau:1991wf,
	Author = {Boudreau, B P and Ruddick, B R},
	Date-Added = {2016-10-17 20:29:00 +0000},
	Date-Modified = {2016-10-17 20:29:00 +0000},
	Journal = {American Journal of Science},
	Pages = {507--538},
	Title = {{On a reactive continuum representation of organic matter diagenesis}},
	Volume = {291},
	Year = {1991}}

@article{Burnham:1987ut,
	Author = {Burnham, A K and Braun, Robert L and Gregg, H R and Samoun, A M},
	Date-Added = {2016-10-17 20:29:00 +0000},
	Date-Modified = {2016-10-17 20:29:00 +0000},
	Journal = {Energy {\&} Fuels},
	Pages = {452--458},
	Title = {{Comparison of methods for measuring kerogen pyrolysis rates and fitting kinetic parameters}},
	Volume = {1},
	Year = {1987}}

@article{Cai:2007hh,
	Author = {Cai, Junmeng and Liu, Ronghou},
	Date-Added = {2016-10-17 20:29:00 +0000},
	Date-Modified = {2016-10-17 20:29:00 +0000},
	Journal = {The Journal of Physical Chemistry B},
	Pages = {10681--10686},
	Title = {{Weibull mixture model for modeling nonisothermal kinetics of thermally stimulated solid-phase reactions: Application to simulated and real kinetic conversion data}},
	Volume = {111},
	Year = {2007}}

@article{deCaprariis:2012jk,
	Author = {de Caprariis, Benedetta and De Filippis, Paolo and Herce, Carlos and Verdone, Nicola},
	Date-Added = {2016-10-17 20:29:00 +0000},
	Date-Modified = {2016-10-17 20:29:00 +0000},
	Journal = {Energy {\&} Fuels},
	Pages = {6153--6159},
	Title = {{Double-Gaussian distributed activation energy model for coal devolatilization}},
	Volume = {26},
	Year = {2012}}

@article{Chadwick:2007hc,
	Author = {Chadwick, Oliver A and Kelly, Eugene F and Hotchkiss, Sara C and Vitousek, Peter M},
	Date-Added = {2016-10-17 20:29:00 +0000},
	Date-Modified = {2016-10-17 20:29:00 +0000},
	Journal = {Geomorphology},
	Pages = {70--83},
	Title = {{Precontact vegetation and soil nutrient status in the shadow of Kohala Volcano, Hawaii}},
	Volume = {89},
	Year = {2007}}

@article{Derry:1996um,
	Author = {Derry, L A and France-Lanord, Christian},
	Date-Added = {2016-10-17 20:29:00 +0000},
	Date-Modified = {2016-10-17 20:29:00 +0000},
	Journal = {Nature},
	Number = {3},
	Pages = {267--275},
	Title = {{Neogene growth of the sedimentary organic carbon reservoir}},
	Volume = {11},
	Year = {1996}}

@article{Eglinton:1996ff,
	Author = {Eglinton, Timothy I and Aluwihare, Lihini I and Bauer, J E and Druffel, Ellen RM and McNichol, Ann P},
	Date-Added = {2016-10-17 20:29:00 +0000},
	Date-Modified = {2016-10-17 20:29:00 +0000},
	Journal = {Analytical Chemistry},
	Pages = {904--912},
	Title = {{Gas Chromatographic Isolation of Individual Compounds from Complex Matrices for Radiocarbon Dating}},
	Volume = {68},
	Year = {1996}}

@article{Feng:2013il,
	Author = {Feng, Xiaojuan and Vonk, Jorien E and van Dongen, Bart E and Gustafsson, {\"O}rjan and Semiletov, I P and Dudarev, O V and Wang, Zhiheng and Montlu{\c c}on, Daniel B and Wacker, Lukas and Eglinton, Timothy I},
	Date-Added = {2016-10-17 20:29:00 +0000},
	Date-Modified = {2016-10-17 20:29:00 +0000},
	Journal = {Proceedings of the National Academy of Sciences},
	Pages = {14168--14173},
	Title = {{Differential mobilization of terrestrial carbon pools in Eurasian Arctic river basins}},
	Volume = {110},
	Year = {2013}}

@article{Follett:2014if,
	Author = {Follett, Christopher L and Repeta, Daniel J and Rothman, Daniel H and Xu, Li and Santinelli, Chiara},
	Date-Added = {2016-10-17 20:29:00 +0000},
	Date-Modified = {2016-10-17 20:29:00 +0000},
	Journal = {Proceedings of the National Academy of Sciences},
	Pages = {16706--16711},
	Title = {{Hidden cycle of dissolved organic carbon in the deep ocean}},
	Volume = {111},
	Year = {2014}}

@article{Forney:2012hz,
	Author = {Forney, D C and Rothman, Daniel H},
	Date-Added = {2016-10-17 20:29:00 +0000},
	Date-Modified = {2016-10-17 20:29:00 +0000},
	Journal = {Biogeosciences},
	Pages = {3601--3612},
	Title = {{Inverse method for estimating respiration rates from decay time series}},
	Volume = {9},
	Year = {2012}}

@article{Hartnett:1998id,
	Author = {Hartnett, Hilairy E and Keil, R G and Hedges, J I and Devol, Allan H},
	Date-Added = {2016-10-17 20:29:00 +0000},
	Date-Modified = {2016-10-17 20:29:00 +0000},
	Journal = {Nature},
	Pages = {572--575},
	Title = {{Influence of oxygen exposure time on organic carbon preservation in continental margin sediments}},
	Volume = {391},
	Year = {1998}}

@article{Hayes:2006ca,
	Author = {Hayes, John M and Waldbauer, J R},
	Date-Added = {2016-10-17 20:29:00 +0000},
	Date-Modified = {2016-10-17 20:29:00 +0000},
	Journal = {Philosophical Transactions of the Royal Society B: Biological Sciences},
	Pages = {931--950},
	Title = {{The carbon cycle and associated redox processes through time}},
	Volume = {361},
	Year = {2006}}

@article{Hedges:2000vh,
	Author = {Hedges, J I and Eglinton, Geoffrey and Hatcher, P G and Kirchman, D L and Arnosti, C and Derenne, S and Evershed, R P and K{\"o}gel-Knabner, Ingrid and de Leeuw, J W and Littke, R and Michaelis, W and Rullk{\"o}tter, J{\"u}rgen},
	Date-Added = {2016-10-17 20:29:00 +0000},
	Date-Modified = {2016-10-17 20:29:00 +0000},
	Journal = {Organic Geochemistry},
	Pages = {945--958},
	Title = {{The molecularly-uncharacterized component of nonliving organic matter in natural environments}},
	Volume = {31},
	Year = {2000}}

@article{Helfrich:2007ej,
	Author = {Helfrich, M and Flessa, H and Mikutta, R and Dreves, A and Ludwig, B},
	Date-Added = {2016-10-17 20:29:00 +0000},
	Date-Modified = {2016-10-17 20:29:00 +0000},
	Journal = {European journal of soil science},
	Pages = {1316--1329},
	Title = {{Comparison of chemical fractionation methods for isolating stable soil organic carbon pools}},
	Volume = {58},
	Year = {2007}}

@webpage{Hemingway:bA3-kvLz,
	Author = {Hemingway, Jordon D},
	Date-Added = {2016-10-17 20:29:00 +0000},
	Date-Modified = {2016-10-19 21:07:33 +0000},
	Title = {{\emph{rampedpyrox}: Open-source tools for thermoanalytical data analysis, 2016-}},
	Url = {http://github.com/FluvialSeds/rampedpyrox},
	Urldate = {10/17/2016},
	Year = {2016},
	Bdsk-Url-1 = {http://github.com/FluvialSeds/rampedpyrox}}

@article{Janssens:2010hd,
	Author = {Janssens, Ivan A and Dieleman, W and Luyssaert, S and Subke, J-A and Reichstein, M and Ceulemans, R and Ciais, P and Dolman, A J and Grace, J and Matteucci, G and Papale, D and Piao, S L and Schulze, E-D and Tang, J and Law, B E},
	Date-Added = {2016-10-17 20:29:00 +0000},
	Date-Modified = {2016-10-17 20:29:00 +0000},
	Journal = {Nature Geoscience},
	Pages = {315--322},
	Title = {{Reduction of forest soil respiration in response to nitrogen deposition}},
	Volume = {3},
	Year = {2010}}

@article{Kellerman:2015jn,
	Author = {Kellerman, Anne M and Kothawala, Dolly N and Dittmar, T and Tranvik, Lars J},
	Date-Added = {2016-10-17 20:29:00 +0000},
	Date-Modified = {2016-10-17 20:29:00 +0000},
	Journal = {Nature Geoscience},
	Pages = {454--457},
	Title = {{Persistence of dissolved organic matter in lakes related to its molecular characteristics}},
	Volume = {8},
	Year = {2015}}

@article{Kramer:2008dd,
	Author = {Kramer, Christiane and Gleixner, Gerd},
	Date-Added = {2016-10-17 20:29:00 +0000},
	Date-Modified = {2016-10-17 20:29:00 +0000},
	Journal = {Soil Biology and Biochemistry},
	Pages = {425--433},
	Title = {{Soil organic matter in soil depth profiles: Distinct carbon preferences of microbial groups during carbon transformation}},
	Volume = {40},
	Year = {2008}}

@article{Marschner:2008eo,
	Author = {Marschner, Bernd and Brodowski, Sonja and Dreves, Alexander and Gleixner, Gerd and Gude, Antje and Grootes, Pieter M and Hamer, Ute and Heim, Alexander and Jandl, Gerald and Ji, Rong and Kaiser, Klaus and Kalbitz, Karsten and Kramer, Christiane and Leinweber, Peter and Rethemeyer, Janet and Sch{\"a}ffer, Andreas and Schmidt, M W I and Schwark, Lorenz and Wiesenberg, Guido L B},
	Date-Added = {2016-10-17 20:29:00 +0000},
	Date-Modified = {2016-10-17 20:29:00 +0000},
	Journal = {Journal of Plant Nutrition and Soil Science},
	Pages = {91--110},
	Title = {{How relevant is recalcitrance for the stabilization of organic matter in soils?}},
	Volume = {171},
	Year = {2008}}

@article{Mikutta:2006gx,
	Author = {Mikutta, Robert and Kleber, Markus and Torn, Margaret S and Jahn, Reinhold},
	Date-Added = {2016-10-17 20:29:00 +0000},
	Date-Modified = {2016-10-17 20:29:00 +0000},
	Journal = {Biogeochemistry},
	Pages = {25--56},
	Title = {{Stabilization of Soil Organic Matter: Association with Minerals or Chemical Recalcitrance?}},
	Volume = {77},
	Year = {2006}}

@article{Miura:1995uo,
	Author = {Miura, Kouichi},
	Date-Added = {2016-10-17 20:29:00 +0000},
	Date-Modified = {2016-10-17 20:29:00 +0000},
	Journal = {Energy {\&} Fuels},
	Pages = {302--307},
	Title = {{A new and simple method to estimate \emph{f(E)} and \emph{k0(E)} in the distributed activation energy model from three sets of experimental data}},
	Volume = {9},
	Year = {1995}}

@article{Miura:1998jf,
	Author = {Miura, Kouichi and Maki, Taisuke},
	Date-Added = {2016-10-17 20:29:00 +0000},
	Date-Modified = {2016-10-17 20:29:00 +0000},
	Journal = {Energy {\&} Fuels},
	Pages = {864--869},
	Title = {{A simple method for estimating \emph{f(E)} and \emph{k0(E)} in the distributed activation energy model}},
	Volume = {12},
	Year = {1998}}

@article{Petsch:2001eq,
	Author = {Petsch, Steven T and Eglinton, Timothy I and Edwards, K J},
	Date-Added = {2016-10-17 20:29:00 +0000},
	Date-Modified = {2016-10-17 20:29:00 +0000},
	Journal = {Science},
	Pages = {1127--1131},
	Title = {{$^{14}$C-dead living biomass: Evidence for microbial assimilation of ancient organic carbon during shale weathering}},
	Volume = {292},
	Year = {2001}}

@article{Rethemeyer:2004cy,
	Author = {Rethemeyer, Janet and Grootes, P M and Bruhn, F and Andersen, N and Nadeau, M J and Kramer, C and Gleixner, G},
	Date-Added = {2016-10-17 20:29:00 +0000},
	Date-Modified = {2016-10-17 20:29:00 +0000},
	Journal = {Nuclear Instruments and Methods in Physics Research Section B: Beam Interactions with Materials and Atoms},
	Pages = {521--527},
	Title = {{Age heterogeneity of soil organic matter}},
	Volume = {223-224},
	Year = {2004}}

@article{Rothman:2007jq,
	Author = {Rothman, Daniel H and Forney, D C},
	Date-Added = {2016-10-17 20:29:00 +0000},
	Date-Modified = {2016-10-17 20:29:00 +0000},
	Journal = {Science},
	Pages = {1325--1328},
	Title = {{Physical model for the decay and preservation of marine organic carbon}},
	Volume = {316},
	Year = {2007}}

@article{Sayles:2001ua,
	Author = {Sayles, F L and Martin, W R and Chase, Z and Anderson, R F},
	Date-Added = {2016-10-17 20:29:00 +0000},
	Date-Modified = {2016-10-17 20:29:00 +0000},
	Journal = {Deep Sea Research Part II: Topical Studies in Oceanography},
	Pages = {4323--4383},
	Title = {{Benthic remineralization and burial of biogenic SiO$_{2}$, CaCO$_{3}$, organic carbon, and detrital material in the Southern Ocean along a transect at 170{\textdegree} West}},
	Volume = {48},
	Year = {2001}}

@article{Schmidt:2011gg,
	Author = {Schmidt, M W I and Torn, Margaret S and Abiven, Samuel and Dittmar, T and Guggenberger, Georg and Janssens, Ivan A and Kleber, Markus and K{\"o}gel-Knabner, Ingrid and Lehmann, Johannes and Manning, David A C and Nannipieri, Paolo and Rasse, Daniel P and Weiner, Steve and Trumbore, Susan E},
	Date-Added = {2016-10-17 20:29:00 +0000},
	Date-Modified = {2016-10-17 20:29:00 +0000},
	Journal = {Nature},
	Pages = {49--56},
	Title = {{Persistence of soil organic matter as an ecosystem property}},
	Volume = {478},
	Year = {2011}}

@article{Sessions:1999vg,
	Author = {Sessions, A L and Burgoyne, T W and Schimmelmann, Arndt and Hayes, John M},
	Date-Added = {2016-10-17 20:29:00 +0000},
	Date-Modified = {2016-10-17 20:29:00 +0000},
	Journal = {Organic Geochemistry},
	Pages = {1193--1200},
	Title = {{Fractionation of hydrogen isotopes in lipid biosynthesis}},
	Volume = {30},
	Year = {1999}}

@article{Sinsabaugh:2008il,
	Author = {Sinsabaugh, Robert L and Lauber, Christian L and Weintraub, Michael N and Ahmed, Bony and Allison, Steven D and Crenshaw, Chelsea and Contosta, Alexandra R and Cusack, Daniela and Frey, Serita and Gallo, Marcy E and Gartner, Tracy B and Hobbie, Sarah E and Holland, Keri and Keeler, Bonnie L and Powers, Jennifer S and Stursova, Martina and Takacs-Vesbach, Cristina and Waldrop, Mark P and Wallenstein, Matthew D and Zak, Donald R and Zeglin, Lydia H},
	Date-Added = {2016-10-17 20:29:00 +0000},
	Date-Modified = {2016-10-17 20:29:00 +0000},
	Journal = {Ecology Letters},
	Pages = {1252--1264},
	Title = {{Stoichiometry of soil enzyme activity at global scale}},
	Volume = {11},
	Year = {2008}}

@article{Spencer:2009vl,
	Author = {Spencer, Robert GM and Stubbins, A and Hernes, P J and Baker, Andy and Mopper, Kenneth and Aufdenkampe, Anthony K and Dyda, Rachael Y and Mwamba, Vincent L and Mangangu, Arthur M and Wabakanghanzi, Jose N and Six, Johan},
	Date-Added = {2016-10-17 20:29:00 +0000},
	Date-Modified = {2016-10-17 20:29:00 +0000},
	Journal = {Journal of Geophysical Research},
	Pages = {G03010},
	Title = {{Photochemical degradation of dissolved organic matter and dissolved lignin phenols from the Congo River}},
	Volume = {114},
	Year = {2009}}

@article{Hemingway:2016rc,
	Author = {Hemingway, Jordon D and Galy, Valier V and Gagnon, Alan R and Grant, Katherine E and Rosengard, Sarah Z and Soulet, Guillaume and Zigah, Prosper K and McNichol, Ann P},
	Date-Added = {2016-10-17 19:30:49 +0000},
	Date-Modified = {2016-11-20 20:58:47 +0000},
	Journal = {Radiocarbon},
	Title = {{Assessing the blank carbon contribution, isotope mass balance, and kinetic isotope fractionation of the ramped pyrolysis/oxidation istrument at NOSAMS}},
	Volume = {{in review}},
	Year = {2017}}

@article{Hilton:2010cg,
	Author = {Hilton, R G and Galy, A and Hovius, N and Horng, Ming-Jame and Chen, H},
	Journal = {Geochimica et Cosmochimica Acta},
	Pages = {3164--3181},
	Title = {{The isotopic composition of particulate organic carbon in mountain rivers of Taiwan}},
	Volume = {74},
	Year = {2010}}

@article{Merritt:1995vt,
	Author = {Merritt, D A and Freeman, Katherine H and Ricci, M P and Studley, S A and Hayes, John M},
	Journal = {Analytical Chemistry},
	Pages = {2461--2473},
	Title = {{Performance and optimization of a combustion interface for isotope ratio monitoring gas chromatography/mass spectrometry}},
	Volume = {67},
	Year = {1995}}

@article{Wang:2013js,
	Author = {Wang, Zhaohui Aleck and Dinga, Bienvenu Jean and Mann, Paul J and Hoering, Katherine A and Poulsen, John R and Spencer, Robert GM and Holmes, Robert M},
	Journal = {Geophysical Research Letters},
	Pages = {511--516},
	Title = {{Inorganic carbon speciation and fluxes in the Congo River}},
	Volume = {40},
	Year = {2013}}

@article{Sun:1994wj,
	Author = {Sun, M Y and Wakeham, Stuart G},
	Journal = {Geochimica et Cosmochimica Acta},
	Pages = {3395--3406},
	Title = {{Molecular Evidence for Degradation and Preservation of Organic-Matter in the Anoxic Black-Sea Basin}},
	Volume = {58},
	Year = {1994}}

@article{Plante:2013tu,
	Author = {Plante, Alain F and Beaupr{\'e}, Steven R and Roberts, M L and Baisden, W T},
	Journal = {Radiocarbon},
	Pages = {1077--1083},
	Title = {{Distribution of radiocarbon ages in soil organic matter by thermal fractionation}},
	Volume = {55},
	Year = {2013}}

@article{Kendall:2001bs,
	Author = {Kendall, Carol and Silva, Steven R and Kelly, Valerie J},
	Journal = {Hydrological Processes},
	Pages = {1301--1346},
	Title = {{Carbon and nitrogen isotopic compositions of particulate organic matter in four large river systems across the United States}},
	Volume = {15},
	Year = {2001}}

@article{Graham:2014hf,
	Author = {Graham, Heather V and Patzkowsky, Mark E and Wing, Scott L and Parker, Geoffrey G and Fogel, Marilyn L and Freeman, Katherine H},
	Journal = {Geochimica et Cosmochimica Acta},
	Pages = {82--95},
	Title = {{Isotopic characteristics of canopies in simulated leaf assemblages}},
	Volume = {144},
	Year = {2014}}

@inproceedings{Bricquet:1993ve,
	Address = {Paris},
	Author = {Bricquet, Jean Pierre},
	Booktitle = {Grands Baissins Fluviaux},
	Pages = {27--38},
	Title = {{Les ecoulements du Congo a Brazzaville et la spatialization des apports}},
	Year = {1993}}

@incollection{Glover:2011tl,
	Address = {New York, NY},
	Author = {Glover, D M and Jenkins, W J and Doney, S C},
	Booktitle = {Modeling Methods for Marine Science},
	Pages = {14--45},
	Publisher = {Cambridge University Press},
	Title = {{Measurement theory, probability distributions, error propagation and analysis}},
	Year = {2011}}

@article{Meyers:1993up,
	Author = {Meyers, Philip A and Eadie, Brian J},
	Journal = {Organic Geochemistry},
	Pages = {47--56},
	Title = {{Sources, degradation and recycling of organic matter associated with sinking particles in Lake Michigan}},
	Volume = {20},
	Year = {1993}}

@article{Graven:2015he,
	Author = {Graven, Heather D},
	Journal = {Proceedings of the National Academy of Sciences},
	Pages = {9542--9545},
	Title = {{Impact of fossil fuel emissions on atmospheric radiocarbon and various applications of radiocarbon over this century}},
	Volume = {112},
	Year = {2015}}

@article{Bingham:2010jt,
	Author = {Bingham, Elizabeth M and McClymont, Erin L and V{\"a}liranta, Minna and Mauquoy, Dmitri and Roberts, Zo{\"e} and Chambers, Frank M and Pancost, Richard D and Evershed, Richard P},
	Journal = {Organic Geochemistry},
	Pages = {214--220},
	Title = {{Conservative composition of \emph{n}-alkane biomarkers in Sphagnum species: Implications for palaeoclimate reconstruction in ombrotrophic peat bogs}},
	Volume = {41},
	Year = {2010}}

@article{Chikaraishi:2006gb,
	Author = {Chikaraishi, Yoshito and Naraoka, Hiroshi},
	Journal = {Chemical Geology},
	Pages = {190--202},
	Title = {{Carbon and hydrogen isotope variation of plant biomarkers in a plant{\textendash}soil system}},
	Volume = {231},
	Year = {2006}}

@article{Galy:2011ix,
	Author = {Galy, Valier V and Eglinton, Timothy I and France-Lanord, Christian and Sylva, Sean P},
	Journal = {Earth and Planetary Science Letters},
	Pages = {1--12},
	Title = {{The provenance of vegetation and environmental signatures encoded in vascular plant biomarkers carried by the Ganges-Brahmaputra rivers}},
	Volume = {304},
	Year = {2011}}

@article{Whiteside:2011jea,
	Author = {Whiteside, Jessica H and Olsen, Paul E and Eglinton, Timothy I and Cornet, Bruce and McDonald, Nicholas G and Huber, Philip},
	Journal = {Palaeogeography, Palaeoclimatology, Palaeoecology},
	Pages = {1--17},
	Title = {{Pangean great lake paleoecology on the cusp of the end-Triassic extinction}},
	Volume = {301},
	Year = {2011}}

@article{Meyers:1993vwa,
	Author = {Meyers, Philip A and Ishiwatari, Ryoshi},
	Journal = {Organic Geochemistry},
	Pages = {867--900},
	Title = {{Lacustrine organic geochemistry{\textemdash}an overview of indicators of organic matter sources and diagenesis in lake sediments}},
	Volume = {20},
	Year = {1993}}

@article{Peterse:2012bs,
	Author = {Peterse, Francien and van der Meer, Jaap and Schouten, Stefan and Weijers, J W H and Fierer, Noah and Jackson, Robert B and Kim, Jung-Hyun and Sinninghe Damst{\'e}, Jaap S},
	Journal = {Geochimica et Cosmochimica Acta},
	Pages = {215--229},
	Title = {{Revised calibration of the MBT-CBT paleotemperature proxy based on branched tetraether membrane lipids in surface soils}},
	Volume = {96},
	Year = {2012}}

@incollection{Still:2010wh,
	Address = {New York, NY},
	Author = {Still, Christopher J and Powell, J},
	Booktitle = {Isoscapes},
	Date-Modified = {2016-10-08 21:24:59 +0000},
	Editor = {Bowen, G J and Dawson, T E and Tu, K P},
	Pages = {179--194},
	Publisher = {Springer Ltd.},
	Title = {{Continental-Scale Distributions of Vegetation Stable Carbon Isotope Ratios }},
	Year = {2010}}

@article{Galy:2008jw,
	Author = {Galy, Valier V and France-Lanord, Christian and Lartiges, Bruno},
	Journal = {Geochimica et Cosmochimica Acta},
	Pages = {1767--1787},
	Title = {{Loading and fate of particulate organic carbon from the Himalaya to the Ganga-Brahmaputra delta}},
	Volume = {72},
	Year = {2008}}

@article{McNichol:1992tk,
	Author = {McNichol, Ann P and Gagnon, Alan and Jones, G A and Osborne, E A},
	Journal = {Radiocarbon},
	Pages = {321--329},
	Title = {{Illumination of a Black Box: Analysis of Gas Composition During Graphite Target Preparation}},
	Volume = {34},
	Year = {1992}}

@article{Volkman:1999tq,
	Author = {Volkman, J K and Barrett, S M and Blackburn, S I},
	Journal = {Organic Geochemistry},
	Pages = {307--318},
	Title = {{Eustigmatophyte microalgae are potential sources of C$_{29}$ sterols, C$_{22}$-C$_{28}$ \emph{n}-alcohols and C$_{28}$-C$_{32}$ \emph{n}-alkyl diols in freshwater environments}},
	Volume = {30},
	Year = {1999}}

@article{Pancost:2004ij,
	Author = {Pancost, Richard D and Boot, Christopher S},
	Journal = {Marine Chemistry},
	Pages = {239--261},
	Title = {{The palaeoclimatic utility of terrestrial biomarkers in marine sediments}},
	Volume = {92},
	Year = {2004}}

@article{Magill:2013ab,
	Author = {Magill, Clayton R and Ashley, G M and Freeman, Katherine H},
	Journal = {Proceedings of the National Academy of Sciences},
	Pages = {1167--1174},
	Title = {{Ecosystem variability and early human habitats in eastern Africa}},
	Volume = {110},
	Year = {2013}}

@incollection{Lasaga:1985ts,
	Address = {Washington, D. C.},
	Author = {Lasaga, Antonio C and Berner, R A and Garrels, Robert M},
	Booktitle = {The Carbon Cycle and Atmospheric CO2: Natural Variations Archean to Present},
	Editor = {Sundquist, E T and Broecker, W S},
	Pages = {397--411},
	Publisher = {American Geophysical Union},
	Title = {{An improved geochemical model of atmospheric CO$_{2}$ fluctuations over the past 100 million years}},
	Year = {1985}}

@article{Sanchi:2015ja,
	Author = {Sanchi, Lise and M{\'e}not, Guillemette and Bard, Edouard},
	Journal = {Palaeogeography, Palaeoclimatology, Palaeoecology},
	Pages = {458--466},
	Title = {{Environmental controls on paleo-pH at mid-latitudes: A case study from Central and Eastern Europe}},
	Volume = {417},
	Year = {2015}}

@article{Cramer:2004tg,
	Author = {Cramer, B},
	Journal = {Organic Geochemistry},
	Pages = {379--392},
	Title = {{Methane generation from coal during open system pyrolysis investigated by isotope specific, Gaussian distributed reaction kinetics}},
	Volume = {35},
	Year = {2004}}

@article{Becker:2013jw,
	Author = {Becker, Kevin W and Lipp, Julius S and Zhu, Chun and Liu, Xiao-Lei and Hinrichs, Kai-Uwe},
	Journal = {Organic Geochemistry},
	Pages = {34--44},
	Title = {{An improved method for the analysis of archaeal and bacterial ether core lipids}},
	Volume = {61},
	Year = {2013}}

@article{FranceLanord:1994vp,
	Author = {France-Lanord, Christian and Derry, L A},
	Journal = {Geochimica et Cosmochimica Acta},
	Pages = {4809--4814},
	Title = {{$\delta$$^{13}$C of organic carbon in the Bengal Fan: Source evolution and transport of C$_{3}$ and C$_{4}$ plant carbon to marine sediments}},
	Volume = {58},
	Year = {1994}}

@article{Dieckmann:2005dw,
	Author = {Dieckmann, Volker},
	Journal = {Marine and Petroleum Geology},
	Pages = {375--390},
	Title = {{Modelling petroleum formation from heterogeneous source rocks: The influence of frequency factors on activation energy distribution and geological prediction}},
	Volume = {22},
	Year = {2005}}

@article{LopezCapel:2008et,
	Author = {Lopez-Capel, Elisa and Krull, Evelyn S and Bol, Roland and Manning, David A C},
	Journal = {Rapid Communications in Mass Spectrometry},
	Pages = {1751--1758},
	Title = {{Influence of recent vegetation on labile and recalcitrant carbon soil pools in central Queensland, Australia: Evidence from thermal analysis-quadrupole mass spectrometry-isotope ratio mass spectrometry}},
	Volume = {22},
	Year = {2008}}

@article{McNichol:1994dt,
	Author = {McNichol, Ann P and Jones, G A and Hutton, D L and Gagnon, Alan and Key, R M},
	Journal = {Radiocarbon},
	Pages = {237--246},
	Title = {{The Rapid Preparation of Seawater $\Sigma$CO$_{2}$ for Radiocarbon Analysis at the National Ocean Sciences Ams Facility}},
	Volume = {36},
	Year = {1994}}

@article{Cardinal:2010ir,
	Author = {Cardinal, D and Gaillardet, J and Hughes, H J and Opfergelt, S and Andr{\'e}, L},
	Journal = {Geophysical Research Letters},
	Pages = {L12403},
	Title = {{Contrasting silicon isotope signatures in rivers from the Congo Basin and the specific behaviour of organic-rich waters}},
	Volume = {37},
	Year = {2010}}

@article{Peterse:2009hl,
	Author = {Peterse, Francien and Kim, Jung-Hyun and Schouten, Stefan and Kristensen, Dorthe Klitgaard and Ko{\c c}, Nal{\^a}n and Sinninghe Damst{\'e}, Jaap S},
	Journal = {Organic Geochemistry},
	Pages = {692--699},
	Title = {{Constraints on the application of the MBT/CBT palaeothermometer at high latitude environments (Svalbard, Norway)}},
	Volume = {40},
	Year = {2009}}

@article{Xu:2007jk,
	Author = {Xu, Yunping and Simoneit, Bernd RT and Jaff{\'e}, Rudolf},
	Journal = {Organic Geochemistry},
	Pages = {870--883},
	Title = {{Occurrence of long-chain \emph{n}-alkenols, diols, keto-ols and \emph{sec}-alkanols in a sediment core from a hypereutrophic, freshwater lake}},
	Volume = {38},
	Year = {2007}}

@article{Canuel:1996ta,
	Author = {Canuel, E A and Martens, C S},
	Journal = {Geochimica et Cosmochimica Acta},
	Pages = {1793--1806},
	Title = {{Reactivity of recently deposited organic matter: Degradation of lipid compounds near the sediment-water interface}},
	Volume = {60},
	Year = {1996}}

@incollection{Milliman:2011ug,
	Address = {New York, NY},
	Author = {Milliman, J D and Farnsworth, Katherine L},
	Booktitle = {River Discharge to the Coastal Ocean A Global Synthesis},
	Pages = {13--61},
	Publisher = {Cambridge University Press},
	Title = {{Runoff, erosion, and delivery to the coastal ocean}},
	Year = {2011}}

@article{Bouillon:2014ko,
	Author = {Bouillon, Steven and Yamb{\'e}l{\'e}, Athanase and Gillikin, David P and Teodoru, Cristian and Darchambeau, Fran{\c c}ois and Lambert, Thibault and Borges, Alberto V},
	Journal = {Scientific Reports},
	Pages = {5402},
	Title = {{Contrasting biogeochemical characteristics of the Oubangui River and tributaries (Congo River basin)}},
	Volume = {4},
	Year = {2014}}

@article{Ficken:2000wq,
	Author = {Ficken, K J and Li, B and Swain, D L and Eglinton, Geoffrey},
	Journal = {Organic Geochemistry},
	Pages = {745--749},
	Title = {{An \emph{n}-alkane proxy for the sedimentary input of submerged/floating freshwater aquatic macrophytes}},
	Volume = {31},
	Year = {2000}}

@article{Mayaux:2004uw,
	Author = {Mayaux, Philippi and Martholom{\'e}, Etienne and Fritz, Steffen and Belwand, Alan},
	Journal = {Journal of Biogeography},
	Pages = {861--877},
	Title = {{A new land-cover map of Africafor the year 2000}},
	Volume = {31},
	Year = {2004}}

@article{Bloom:2016gm,
	Author = {Bloom, A Anthony and Exbrayat, Jean-Fran{\c c}ois and van der Velde, Ivar R and Feng, Liang and Williams, Mathew},
	Journal = {Proceedings of the National Academy of Sciences},
	Pages = {1285--1290},
	Title = {{The decadal state of the terrestrial carbon cycle: Global retrievals of terrestrial carbon allocation, pools, and residence times}},
	Volume = {113},
	Year = {2015}}

@article{vanDongen:2008kj,
	Author = {van Dongen, Bart E and Zencak, Zdenek and Gustafsson, {\"O}rjan},
	Journal = {Marine Chemistry},
	Pages = {203--214},
	Title = {{Differential transport and degradation of bulk organic carbon and specific terrestrial biomarkers in the surface waters of a sub-arctic brackish bay mixing zone}},
	Volume = {112},
	Year = {2008}}

@article{Hilton:2008fo,
	Author = {Hilton, R G and Galy, A and Hovius, N and Chen, Meng-Chiang and Horng, Ming-Jame and Chen, H},
	Journal = {Nature Geoscience},
	Pages = {759--762},
	Title = {{Tropical-cyclone-driven erosion of the terrestrial biosphere from mountains}},
	Volume = {1},
	Year = {2008}}

@article{Kwart:1982te,
	Author = {Kwart, H},
	Journal = {Accounts of Chemical Research},
	Pages = {401--408},
	Title = {{Temperature dependence of the primary kinetic hydrogen isotope effect as a mechanistic criterion}},
	Volume = {15},
	Year = {1982}}

@article{Keil:1994hb,
	Author = {Keil, R G and Montlu{\c c}on, Daniel B and Prahl, Fredrick G and Hedges, J I},
	Journal = {Nature},
	Pages = {549--552},
	Title = {{Sorptive preservation of labile organic matter in marine sediments}},
	Volume = {370},
	Year = {1994}}

@article{Hoefs:2002wu,
	Author = {Hoefs, Marcel J L and Rijpstra, W Irene C and Sinninghe Damst{\'e}, Jaap S},
	Journal = {Geochimica et Cosmochimica Acta},
	Pages = {2719--2735},
	Title = {{The influence of oxic degradation on the sedimentary biomarker record I: Evidence from Madeira Abyssal Plain turbidites}},
	Volume = {66},
	Year = {2002}}

@article{Hughen:2004gc,
	Author = {Hughen, K A and Eglinton, Timothy I and Xu, Li and Makou, Matthew},
	Journal = {Science},
	Pages = {1955--1959},
	Title = {{Abrupt Tropical Vegetation Response to Rapid Climate Changes}},
	Volume = {304},
	Year = {2004}}

@article{Freeman:2001tv,
	Author = {Freeman, Katherine H and Colarusso, L A},
	Journal = {Geochimica et Cosmochimica Acta},
	Pages = {1439--1454},
	Title = {{Molecular and isotopic records of C$_{4}$ grassland expansion in the late Miocene}},
	Volume = {65},
	Year = {2001}}

@incollection{Glover:2011uh,
	Address = {New York, NY},
	Author = {Glover, D M and Jenkins, W J and Doney, S C},
	Booktitle = {Modeling Methods for Marine Science},
	Date-Modified = {2016-10-08 21:24:21 +0000},
	Pages = {75--118},
	Publisher = {Cambridge University Press},
	Title = {{Principle component and factor analysis}},
	Year = {2011}}

@article{Braun:1987vf,
	Author = {Braun, Robert L and Burnham, A K},
	Journal = {Energy {\&} Fuels},
	Pages = {153--611},
	Title = {{Analysis of chemical reaction kinetics using a distribution of activation energies and simpler models}},
	Volume = {1},
	Year = {1987}}

@article{Sessions:2006bn,
	Author = {Sessions, A L},
	Journal = {Journal of Separation Science},
	Pages = {1946--1961},
	Title = {{Isotope-ratio detection for gas chromatography}},
	Volume = {29},
	Year = {2006}}

@article{Hoetzel:2013hj,
	Author = {H{\"o}tzel, Sebastian and Dupont, Lydie M and Schefu{\ss}, Enno and Rommerskirchen, Florian and Wefer, Gerold},
	Journal = {Nature Geoscience},
	Pages = {1027--1030},
	Title = {{The role of fire in Miocene to Pliocene C$_{4}$ grassland and ecosystem evolution}},
	Volume = {6},
	Year = {2013}}

@article{Subt:2016dh,
	Author = {Subt, C and Fangman, K A and Wellner, J S and Rosenheim, B E},
	Journal = {The Holocene},
	Pages = {265--273},
	Title = {{Sediment chronology in Antarctic deglacial sediments: Reconciling organic carbon $^{14}$C ages to carbonate $^{14}$C ages using Ramped PyrOx}},
	Volume = {26},
	Year = {2016}}

@inproceedings{Mahe:1993wu,
	Address = {Paris},
	Author = {{Mahe}},
	Booktitle = {Grands Baissins Fluviaux},
	Pages = {13--26},
	Title = {{Modulation annuelle et fluctuation interannuelles des precipitations sur le bassin versant du Congo}},
	Year = {1993}}

@article{Ficken:1998vs,
	Author = {Ficken, K J and Barber, K E and Eglinton, Geoffrey},
	Journal = {Organic Geochemistry},
	Pages = {217--237},
	Title = {{Lipid biomarker, $\delta$$^{13}$C and plant macrofossil stratigraphy of a Scottish montane peat bog over the last two millennia}},
	Volume = {28},
	Year = {1998}}

@article{Magill:2013cz,
	Author = {Magill, Clayton R and Ashley, G M and Freeman, Katherine H},
	Journal = {Proceedings of the National Academy of Sciences},
	Pages = {1175--1180},
	Title = {{Water, plants, and early human habitats in eastern Africa}},
	Volume = {110},
	Year = {2013}}

@article{Schouten:2013bd,
	Author = {Schouten, Stefan and Hopmans, Ellen C and Sinninghe Damst{\'e}, Jaap S},
	Journal = {Organic Geochemistry},
	Pages = {19--61},
	Title = {{The organic geochemistry of glycerol dialkyl glycerol tetraether lipids: A review}},
	Volume = {54},
	Year = {2013}}

@article{Feng:2013iv,
	Author = {Feng, Xiaojuan and Benitez-Nelson, Bryan C and Montlu{\c c}on, Daniel B and Prahl, Fredrick G and McNichol, Ann P and Xu, Li and Repeta, Daniel J and Eglinton, Timothy I},
	Journal = {Geochimica et Cosmochimica Acta},
	Pages = {14--30},
	Title = {{$^{14}$C and $^{13}$C characteristics of higher plant biomarkers in Washington margin surface sediments}},
	Volume = {105},
	Year = {2013}}

@article{Rozanski:1992vp,
	Author = {Rozanski, Kazimierz and Stichler, W and Gonfiantini, R and Scott, E M and Beukens, R P and Kromer, B and van der Plicht, J},
	Journal = {Radiocarbon},
	Pages = {506--519},
	Title = {{The IAEA $^{14}$C intercomparison exercise 1990}},
	Volume = {34},
	Year = {1992}}

@article{Castaneda:2011jb,
	Author = {Casta{\~n}eda, Isla S and Schouten, Stefan},
	Journal = {Quaternary Science Reviews},
	Pages = {2851--2891},
	Title = {{A review of molecular organic proxies for examining modern and ancient lacustrine environments}},
	Volume = {30},
	Year = {2011}}

@article{Brooks:1969wh,
	Author = {Brooks, J D and Smith, J W},
	Date-Modified = {2016-10-08 21:23:13 +0000},
	Journal = {Geochimica et Cosmochimica Acta},
	Pages = {1183--1194},
	Title = {{The diagenesis of plant lipids during the formation of coal, petroleum and natural gas {\textendash} II. Coalification and the formation of oil and gas in the Gippsland Basin}},
	Volume = {33},
	Year = {1969}}

@article{Hedges:1986ab,
	Author = {Hedges, J I and Clark, Wayne A and Quay, P D and Richey, Jeffrey E and Devol, Allan H and Santos, Umberto de M},
	Journal = {Limnology and oceanography},
	Pages = {717--738},
	Title = {{Compositions and fluxes of particulate organic material in the Amazon River}},
	Volume = {31},
	Year = {1986}}

@article{Hopmans:2004kx,
	Author = {Hopmans, Ellen C and Weijers, J W H and Schefu{\ss}, Enno and Herfort, Lydie and Sinninghe Damst{\'e}, Jaap S and Schouten, Stefan},
	Journal = {Earth and Planetary Science Letters},
	Pages = {107--116},
	Title = {{A novel proxy for terrestrial organic matter in sediments based on branched and isoprenoid tetraether lipids}},
	Volume = {224},
	Year = {2004}}

@article{Hemingway:2016bq,
	Author = {Hemingway, Jordon D and Schefu{\ss}, Enno and Dinga, Bienvenu Jean and Pryer, Helena and Galy, Valier V},
	Journal = {Geochimica et Cosmochimica Acta},
	Pages = {20--40},
	Title = {{Multiple plant-wax compounds record differential sources and ecosystem structure in large river catchments}},
	Volume = {184},
	Year = {2016}}

@article{Rau:1989wr,
	Author = {Rau, G H and Takahashi, T and Des Marais, D J},
	Journal = {Nature},
	Pages = {516--518},
	Title = {{Latitudinal variations in plankton $\delta$$^{13}$C: Implications for CO$_{2}$ and productivity in past oceans}},
	Volume = {341},
	Year = {1989}}

@article{Zhou:2014gl,
	Author = {Zhou, Liming and Tian, Yuhong and Myneni, Ranga B and Ciais, Philippe and Saatchi, Sassan and Liu, Yi Y and Piao, Shilong and Chen, Haishan and Vermote, Eric F and Song, Conghe and Hwang, Taehee},
	Journal = {Nature},
	Pages = {86--90},
	Title = {{Widespread decline of Congo rainforest greenness in the past decade}},
	Volume = {508},
	Year = {2014}}

@article{Currie:2005wo,
	Author = {Currie, L A and Kessler, J D},
	Journal = {Atmospheric Chemistry and Physics},
	Pages = {2833--2845},
	Title = {{On the isolation of elemental carbon (EC) for micro-molar $^{14}$C accelerator mass spectrometry: development of a hybrid reference material for $^{14}$C-EC accuracy assurance, and a critical evaluation of the thermal optical kinetic (TOK) EC isolation procedure}},
	Volume = {5},
	Year = {2005}}

@article{Galy:2007ev,
	Author = {Galy, Valier V and France-Lanord, Christian and Beyssac, O and Faure, Pierre and Kudrass, Hermann and Palhol, Fabien},
	Journal = {Nature},
	Pages = {407--410},
	Title = {{Efficient organic carbon burial in the Bengal fan sustained by the Himalayan erosional system}},
	Volume = {450},
	Year = {2007}}

@article{Fernandez:2014gx,
	Author = {Fernandez, Alvaro and Santos, Guaciara M and Williams, Elizabeth K and Pendergraft, Matthew A and Vetter, Lael and Rosenheim, B E},
	Journal = {Analytical Chemistry},
	Pages = {12085--12092},
	Title = {{Blank Corrections for Ramped Pyrolysis Radiocarbon Dating of Sedimentary and Soil Organic Carbon}},
	Volume = {86},
	Year = {2014}}

@article{Rommerskirchen:2006gr,
	Author = {Rommerskirchen, Florian and Plader, Anna and Eglinton, Geoffrey and Chikaraishi, Yoshito and Rullk{\"o}tter, J{\"u}rgen},
	Journal = {Organic Geochemistry},
	Pages = {1303--1332},
	Title = {{Chemotaxonomic significance of distribution and stable carbon isotopic composition of long-chain alkanes and alkan-1-ols in C$_{4}$ grass waxes}},
	Volume = {37},
	Year = {2006}}

@article{Gasse:2000ul,
	Author = {Gasse, Fran{\c c}oise},
	Journal = {Quaternary Science Reviews},
	Pages = {189--211},
	Title = {{Hydrological changes in the African tropics since the Last Glacial Maximum}},
	Volume = {19},
	Year = {2000}}

@article{Rosenheim:2008ed,
	Author = {Rosenheim, B E and Day, Mary Beth and Domack, E W and Schrum, Heather and Benthien, Albert and Hayes, John M},
	Journal = {Geochemistry, Geophysics, Geosystems},
	Pages = {Q04005},
	Title = {{Antarctic sediment chronology by programmed-temperature pyrolysis: Methodology and data treatment}},
	Volume = {9},
	Year = {2008}}

@article{Yang:2013ge,
	Author = {Yang, Guifang and Zhang, Chuanlun L and Xie, Shucheng and Chen, Zhenghong and Gao, Meiling and Ge, Zhiliang and Yang, Zhen},
	Journal = {Organic Geochemistry},
	Pages = {40--50},
	Title = {{Microbial glycerol dialkyl glycerol tetraethers from river water and soil near the Three Gorges Dam on the Yangtze River}},
	Volume = {56},
	Year = {2013}}

@article{Vogts:2009fb,
	Author = {Vogts, Angela and Moossen, Heiko and Rommerskirchen, Florian and Rullk{\"o}tter, J{\"u}rgen},
	Journal = {Organic Geochemistry},
	Pages = {1037--1054},
	Title = {{Distribution patterns and stable carbon isotopic composition of alkanes and alkan-1-ols from plant waxes of African rain forest and savanna C$_{3}$ species}},
	Volume = {40},
	Year = {2009}}

@article{Spencer:2012en,
	Author = {Spencer, Robert GM and Hernes, P J and Aufdenkampe, Anthony K and Baker, Andy and Gulliver, Pauline and Stubbins, A and Aiken, George R and Dyda, Rachael Y and Butler, Kenna D and Mwamba, Vincent L and Mangangu, Arthur M and Wabakanghanzi, Jose N and Six, Johan},
	Journal = {Geochimica et Cosmochimica Acta},
	Pages = {614--627},
	Title = {{An initial investigation into the organic matter biogeochemistry of the Congo River}},
	Volume = {84},
	Year = {2012}}

@article{Eglinton:2008hs,
	Author = {Eglinton, Timothy I and Eglinton, Geoffrey},
	Journal = {Earth and Planetary Science Letters},
	Pages = {1--16},
	Title = {{Molecular proxies for paleoclimatology}},
	Volume = {275},
	Year = {2008}}

@article{Aufdenkampe:2011fm,
	Author = {Aufdenkampe, Anthony K and Mayorga, Emilio and Raymond, Peter and Melack, John M and Doney, S C and Alin, Simone R and Aalto, Rolf E and Yoo, Kyungsoo},
	Journal = {Frontiers in Ecology and the Environment},
	Pages = {53--60},
	Title = {{Riverine coupling of biogeochemical cycles between land, oceans, and atmosphere}},
	Volume = {9},
	Year = {2011}}

@article{Hilton:2014dh,
	Author = {Hilton, R G and Gaillardet, J and Calmels, Damien and Birck, Jean-Louis},
	Journal = {Earth and Planetary Science Letters},
	Pages = {27--36},
	Title = {{Geological respiration of a mountain belt revealed by the trace element rhenium}},
	Volume = {403},
	Year = {2014}}

@inproceedings{Boggs:1990wc,
	Address = {Providence, RI},
	Author = {Boggs, P T and Rogers, J E},
	Booktitle = {Contemporary Mathematics},
	Organization = {American Mathematical Society},
	Pages = {183--194},
	Title = {{Orthogonal Distance Regression}},
	Year = {1990}}

@article{Andermann:2012br,
	Author = {Andermann, Christoff and Crave, Alain and Gloaguen, Richard and Davy, Philippe and Bonnet, St{\'e}phane},
	Journal = {Earth and Planetary Science Letters},
	Pages = {158--170},
	Title = {{Connecting source and transport Suspended sediments in the Nepal Himalayas}},
	Volume = {351-352},
	Year = {2012}}

@article{Collister:1994hb,
	Author = {Collister, James W and Rieley, Gareth and Stern, Benjamin and Eglinton, Geoffrey and Fry, Brian},
	Journal = {Organic Geochemistry},
	Month = jun,
	Pages = {619--627},
	Title = {{Compound-specific $\delta$$^{13}$C analyses of leaf lipids from plants with differing carbon dioxide metabolisms}},
	Volume = {21},
	Year = {1994}}

@article{Schlunz:2000tl,
	Author = {Schl{\"u}nz, B and Schneider, Ralph R},
	Journal = {International Journal of Earth Sciences},
	Pages = {599--606},
	Title = {{Transport of terrestrial organic carbon to the oceans by rivers: Re-estimating flux-and burial rates}},
	Volume = {88},
	Year = {2000}}

@article{Richey:1990wl,
	Author = {Richey, Jeffrey E and Hedges, J I and Devol, A H and Quay, P D and Victoria, Reynaldo and Martinelli, Luiz and Forsberg, Bruce R},
	Journal = {Limnology and oceanography},
	Pages = {352--371},
	Title = {{Biogeochemistry of carbon in the Amazon River}},
	Volume = {35},
	Year = {1990}}

@article{Volkman:1998tk,
	Author = {Volkman, J K and Barrett, S M and Blackburn, S I and Mansour, M P and Sikes, Elisabeth L and Gelin, F},
	Journal = {Organic Geochemistry},
	Pages = {1163--1179},
	Title = {{Microalgal biomarkers: a review of recent research developments}},
	Volume = {29},
	Year = {1998}}

@article{Hansel:2008hp,
	Author = {Hansel, C M and Fendorf, S and Jardine, P M and Francis, C A},
	Journal = {Applied and Environmental Microbiology},
	Pages = {1620--1633},
	Title = {{Changes in Bacterial and Archaeal Community Structure and Functional Diversity along a Geochemically Variable Soil Profile}},
	Volume = {74},
	Year = {2008}}

@article{Tang:2000ua,
	Author = {Tang, Yongchun and Perry, J K and Jenden, P D and Schoell, M},
	Journal = {Geochimica et Cosmochimica Acta},
	Pages = {2637--2687},
	Title = {{Mathematical modeling of stable carbon isotope ratios in natural gases}},
	Volume = {64},
	Year = {2000}}

@article{Schouten:2013hh,
	Author = {Schouten, Stefan and Hopmans, Ellen C and Rosell-Mel{\'e}, Antoni and Pearson, Ann and Adam, Pierre and Bauersachs, Thorsten and Bard, Edouard and Bernasconi, Stefano M and Bianchi, T S and Brocks, Jochen J and Carlson, Laura Truxal and Casta{\~n}eda, Isla S and Derenne, Sylvie and Selver, Ay{\c c}a Do{\u{g}}rul and Dutta, Koushik and Eglinton, Timothy I and Fosse, Celine and Galy, Valier V and Grice, Kliti and Hinrichs, Kai-Uwe and Huang, Yongsong and Huguet, Arnaud and Huguet, Carme and Hurley, Sarah and Ingalls, Anitra E and Jia, Guodong and Keely, Brendan and Knappy, Chris and Kondo, Miyuki and Krishnan, Srinath and Lincoln, Sara and Lipp, Julius S and Mangelsdorf, Kai and Mart{\'\i}nez-Garc{\'\i}a, Alfredo and M{\'e}not, Guillemette and Mets, Anchelique and Mollenhauer, Gesine and Ohkouchi, Naohiko and Ossebaar, Jort and Pagani, Mark and Pancost, Richard D and Pearson, Emma J and Peterse, Francien and Reichart, Gert-Jan and Schaeffer, Philippe and Schmitt, Gaby and Schwark, Lorenz and Shah Walter, Sunita and Smith, Richard W and Smittenberg, Rienk H and Summons, Roger E and Takano, Yoshinori and Talbot, Helen M and Taylor, Kyle W R and Tarozo, Rafael and Uchida, Masao and van Dongen, Bart E and Van Mooy, Benjamin A S and Wang, Jinxiang and Warren, Courtney and Weijers, J W H and Werne, Josef P and Woltering, Martijn and Xie, Shucheng and Yamamoto, Masanobu and Yang, Huan and Zhang, Chuanlun L and Zhang, Yige and Zhao, Meixun and Sinninghe Damst{\'e}, Jaap S},
	Journal = {Geochemistry, Geophysics, Geosystems},
	Pages = {5263--5285},
	Title = {{An interlaboratory study of TEX$_{86}$ and BIT analysis of sediments, extracts, and standard mixtures}},
	Volume = {14},
	Year = {2013}}

@article{Galimov:1988vq,
	Author = {Galimov, E M},
	Journal = {Chemical Geology},
	Pages = {77--95},
	Title = {{Sources and mechanisms of formation of gaseous hydrocarbons in sedimentary rocks}},
	Volume = {71},
	Year = {1988}}

@article{Zell:2013eg,
	Author = {Zell, Claudia I and Kim, Jung-Hyun and Abril, Gwena{\"e}l and Sobrinho, Rodrigo Lima and Dorhout, D and Moreira-Turcq, Patricia and Sinninghe Damst{\'e}, Jaap S},
	Journal = {Frontiers in Microbiology},
	Pages = {1--14},
	Title = {{Impact of seasonal hydrological variation on the distributions of tetraether lipids along the Amazon River in the central Amazon basin: implications for the MBT/CBT paleothermometer and the BIT index}},
	Volume = {4},
	Year = {2013}}

@article{Hedges:1986vw,
	Author = {Hedges, J I and Ertel, J R and Quay, P D and Grootes, Pieter and Richey, Jeffrey E and Farwell, G W and Schmidt, F W and Salati, Eneas},
	Journal = {Science},
	Pages = {1129--1131},
	Title = {{Organic carbon-14 in the Amazon River system.}},
	Volume = {231},
	Year = {1986}}

@article{Weijers:2010km,
	Author = {Weijers, J W H and Wiesenberg, G L B and Bol, R and Hopmans, Ellen C and Pancost, Richard D},
	Journal = {Biogeosciences},
	Pages = {2959--2973},
	Title = {{Carbon isotopic composition of branched tetraether membrane lipids in soils suggest a rapid turnover and a heterotrophic life style of their source organism(s)}},
	Volume = {7},
	Year = {2010}}

@article{Pitcher:2009jd,
	Author = {Pitcher, Angela and Hopmans, Ellen C and Schouten, Stefan and Sinninghe Damst{\'e}, Jaap S},
	Journal = {Organic Geochemistry},
	Pages = {12--19},
	Title = {{Separation of core and intact polar archaeal tetraether lipids using silica columns: Insights into living and fossil biomass contributions}},
	Volume = {40},
	Year = {2009}}

@article{Gaillardet:1999uy,
	Author = {Gaillardet, J and Dupr{\'e}, Bernard and Louvat, P and All{\`e}gre, Claude J},
	Journal = {Chemical Geology},
	Pages = {3--30},
	Title = {{Global silicate weathering and CO$_{2}$ consumption rates deduced from the chemistry of large rivers}},
	Volume = {159},
	Year = {1999}}

@article{Zell:2013de,
	Author = {Zell, Claudia I and Kim, Jung-Hyun and Moreira-Turcq, Patricia and Abril, Gwena{\"e}l and Hopmans, Ellen C and Bonnet, Marie-Paule and Sobrinho, Rodrigo Lima and Sinninghe Damst{\'e}, Jaap S},
	Journal = {Limnology and oceanography},
	Pages = {343--353},
	Title = {{Disentangling the origins of branched tetraether lipids and crenarchaeol in the lower Amazon River: Implications for GDGT-based proxies}},
	Volume = {58},
	Year = {2013}}

@article{DeJonge:2013cr,
	Author = {De Jonge, Cindy and Hopmans, Ellen C and Stadnitskaia, Alina and Rijpstra, W Irene C and Hofland, Ron and Tegelaar, Erik and Sinninghe Damst{\'e}, Jaap S},
	Journal = {Organic Geochemistry},
	Pages = {78--82},
	Title = {{Identification of novel penta- and hexamethylated branched glycerol dialkyl glycerol tetraethers in peat using HPLC-MS$^{2}$, GC-MS and GC-SMB-MS}},
	Volume = {54},
	Year = {2013}}

@article{Mann:2014jx,
	Author = {Mann, Paul J and Spencer, Robert GM and Dinga, Bienvenu Jean and Poulsen, J R and Hernes, P J and Fiske, G and Salter, M E and Wang, Zhaohui Aleck and Hoering, K A and Six, Johan and Holmes, Robert M},
	Journal = {Journal of Geophysical Research: Biogeosciences},
	Pages = {687--702},
	Title = {{The biogeochemistry of carbon across a gradient of streams and rivers within the Congo Basin}},
	Volume = {119},
	Year = {2014}}

@article{Tian:2007df,
	Author = {Tian, H and Xiao, X M and Wilkins, R W T and Li, X Q and Gan, H J},
	Journal = {Marine and Petroleum Geology},
	Pages = {29--41},
	Title = {{Gas sources of the YN2 gas pool in the Tarim Basin{\textemdash}Evidence from gas generation and methane carbon isotope fractionation kinetics of source rocks and crude oils}},
	Volume = {24},
	Year = {2007}}

@article{Powers:2002ug,
	Author = {Powers, J S and Schlesinger, W H},
	Journal = {Geoderma},
	Pages = {141--160},
	Title = {{Geographic and vertical patterns of stable carbon isotopes in tropical rain forest soils of Costa Rica}},
	Volume = {109},
	Year = {2002}}

@article{Christl:2013ks,
	Author = {Christl, M and Vockenhuber, C and Kubik, P W and Wacker, L and Lachner, J and Alfimov, V and Synal, H-A},
	Journal = {Nuclear Instruments and Methods in Physics Research Section B: Beam Interactions with Materials and Atoms},
	Pages = {29--38},
	Title = {{The ETH Zurich AMS facilities: Performance parameters and reference materials}},
	Volume = {294},
	Year = {2013}}

@article{Ross:2002vp,
	Author = {Ross, D J and Tate, K R and Newton, PCD and Clark, H},
	Journal = {Plant and Soil},
	Pages = {275--286},
	Title = {{Decomposability of C$_{3}$ and C$_{4}$ grass litter sampled under different concentrations of atmospheric carbon dioxide at a natural CO$_{2}$ spring}},
	Volume = {240},
	Year = {2002}}

@article{Hayes:1989us,
	Author = {Hayes, John M and Freeman, Katherine H and Popp, Brian N and Hoham, Christopher H},
	Journal = {Organic Geochemistry},
	Pages = {1115--1128},
	Title = {{Compound-specific isotopic analyses: A novel tool for reconstruction of ancient biogeochemical processes}},
	Volume = {16},
	Year = {1989}}

@article{Berner:1982vg,
	Author = {Berner, R A},
	Journal = {American Journal of Science},
	Pages = {451--473},
	Title = {{Burial of organic carbon and pyrite sulfur in the modern ocean: Its geochemical and environmental significance}},
	Volume = {282},
	Year = {1982}}

@article{Zell:2014gt,
	Author = {Zell, Claudia I and Kim, Jung-Hyun and Balsinha, M and Dorhout, D and Fernandes, C and Baas, Marianne and Sinninghe Damst{\'e}, Jaap S},
	Journal = {Biogeosciences},
	Pages = {5637--5655},
	Title = {{Transport of branched tetraether lipids from the Tagus River basin to the coastal ocean of the Portuguese margin: consequences for the interpretation of the MBT'/CBT paleothermometer}},
	Volume = {11},
	Year = {2014}}

@article{Meyers:1994wca,
	Author = {Meyers, Philip A},
	Journal = {Chemical Geology},
	Pages = {289--302},
	Title = {{Preservation of elemental and isotopic source identification of sedimentary organic matter}},
	Volume = {114},
	Year = {1994}}

@article{Aichner:2010bk,
	Author = {Aichner, Bernhard and Herzschuh, Ulrike and Wilkes, Heinz},
	Journal = {Organic Geochemistry},
	Pages = {706--718},
	Title = {{Influence of aquatic macrophytes on the stable carbon isotopic signatures of sedimentary organic matter in lakes on the Tibetan Plateau}},
	Volume = {41},
	Year = {2010}}

@article{Bianchi:2015jr,
	Author = {Bianchi, T S and Galy, Valier V and Rosenheim, B E and Shields, Michael and Cui, Xingqian and Van Metre, Peter},
	Journal = {Geophysical Research Letters},
	Pages = {7983--7991},
	Title = {{Paleoreconstruction of organic carbon inputs to an oxbow lake in the Mississippi River watershed: Effects of dam construction and land use change on regional inputs}},
	Volume = {42},
	Year = {2015}}

@article{Jansen:2006bn,
	Author = {Jansen, Boris and Nierop, Klaas G J and Hageman, Jos A and Cleef, Antoine M and Verstraten, Jacobus M},
	Journal = {Organic Geochemistry},
	Pages = {1514--1536},
	Title = {{The straight-chain lipid biomarker composition of plant species responsible for the dominant biomass production along two altitudinal transects in the Ecuadorian Andes}},
	Volume = {37},
	Year = {2006}}

@article{Henchiri:2016jh,
	Author = {Henchiri, Soufian and Gaillardet, J and Dellinger, Mathieu and Bouchez, Julien and Spencer, Robert GM},
	Journal = {Geophysical Research Letters},
	Pages = {GL067711},
	Title = {{Temporal variations of riverine dissolved lithium isotopic signatures unveil contrasting weathering regimes in low-relief Central Africa}},
	Volume = {43},
	Year = {2016}}

@article{Weijers:2007gu,
	Author = {Weijers, J W H and Schouten, Stefan and van den Donker, Jurgen C and Hopmans, Ellen C and Sinninghe Damst{\'e}, Jaap S},
	Journal = {Geochimica et Cosmochimica Acta},
	Pages = {703--713},
	Title = {{Environmental controls on bacterial tetraether membrane lipid distribution in soils}},
	Volume = {71},
	Year = {2007}}

@article{Berner:1996wn,
	Author = {Berner, Ulrich and Faber, Eckhard},
	Journal = {Organic Geochemistry},
	Pages = {947--955},
	Title = {{Empirical carbon isotope/maturity relationships for gases from algal kerogens and terrigenous organic matter, based on dry, open-system pyrolysis}},
	Volume = {24},
	Year = {1996}}

@article{Sun:1997wr,
	Author = {Sun, M Y and Wakeham, Stuart G and Lee, Cindy},
	Journal = {Geochimica et Cosmochimica Acta},
	Pages = {341--355},
	Title = {{Rates and mechanisms of fatty acid degradation in oxic and anoxic coastal marine sediments of Long Island Sound, New York, USA}},
	Volume = {61},
	Year = {1997}}

@article{Schreiner:2014jr,
	Author = {Schreiner, K M and Bianchi, T S and Rosenheim, B E},
	Journal = {Geophysical Research Letters},
	Pages = {3117--3126},
	Title = {{Evidence for permafrost thaw and transport from an Alaskan North Slope watershed}},
	Volume = {41},
	Year = {2014}}

@article{Ponton:2014jr,
	Author = {Ponton, Camilo and West, A Joshua and Feakins, Sarah J and Galy, Valier V},
	Journal = {Geophysical Research Letters},
	Pages = {6420--6427},
	Title = {{Leaf wax biomarkers in transit record river catchment composition}},
	Volume = {41},
	Year = {2014}}

@article{Pearson:1998vy,
	Author = {Pearson, Ann and McNichol, Ann P and Schneider, Robert J and von Reden, Karl F and Zheng, Yan},
	Journal = {Radiocarbon},
	Pages = {61--75},
	Title = {{Microscale AMS $^{14}$C measurement at NOSAMS}},
	Volume = {40},
	Year = {1998}}

@article{Mayer:1994wn,
	Author = {Mayer, L M},
	Journal = {Chemical Geology},
	Pages = {347--363},
	Title = {{Relationships between mineral surfaces and organic carbon concentrations in soils and sediments}},
	Volume = {114},
	Year = {1994}}

@article{Eglinton:1967uz,
	Author = {Eglinton, Geoffrey and Hamilton, R J},
	Journal = {Science},
	Pages = {1322--1335},
	Title = {{Leaf epicuticular waxes}},
	Volume = {156},
	Year = {1967}}

@article{Saliot:2001un,
	Author = {Saliot, A and Mejanelle, L and Scribe, P and Fillaux, J and Pepe, C and Jabaud, A and Dagaut, J},
	Journal = {Biogeochemistry},
	Pages = {79--103},
	Title = {{Particulate organic carbon, sterols, fatty acids and pigments in the Amazon River system}},
	Volume = {53},
	Year = {2001}}

@article{Bouchez:2010if,
	Author = {Bouchez, Julien and Beyssac, O and Galy, Valier V and Gaillardet, J and France-Lanord, Christian and Maurice, Laurence and Moreira-Turcq, Patricia},
	Journal = {Geology},
	Pages = {255--258},
	Title = {{Oxidation of petrogenic organic carbon in the Amazon floodplain as a source of atmospheric CO2}},
	Volume = {38},
	Year = {2010}}

@article{Martinelli:1999ta,
	Author = {Martinelli, Luiz and Piccolo, M C and Townsend, A R and Vitousek, Peter M and Cueves, E and McDowell, W H and Robertson, G P and Santos, O C and Treseder, K},
	Journal = {Biogeochemistry},
	Pages = {45--65},
	Title = {{Nitrogen stable isotopic composition of leaves and soil: tropical versus temperate forests}},
	Volume = {46},
	Year = {1999}}

@article{Galy:2015fx,
	Author = {Galy, Valier V and Peucker-Ehrenbrink, Bernhard and Eglinton, Timothy I},
	Journal = {Nature},
	Pages = {204--207},
	Title = {{Global carbon export from the terrestrial biosphere controlled by erosion}},
	Volume = {521},
	Year = {2015}}

@article{Cole:2007gp,
	Author = {Cole, Jonathan J and Prairie, Y T and Caraco, Nina F and McDowell, W H and Tranvik, Lars J and Striegl, Robert and Duarte, Carlos M and Kortelainen, Pirkko and Downing, J A and Middelburg, J J and Melack, John M},
	Journal = {Ecosystems},
	Pages = {172--185},
	Title = {{Plumbing the Global Carbon Cycle: Integrating Inland Waters into the Terrestrial Carbon Budget}},
	Volume = {10},
	Year = {2007}}

@article{Plante:2009cp,
	Author = {Plante, Alain F and Fern{\'a}ndez, Jos{\'e} M and Leifeld, J},
	Journal = {Geoderma},
	Pages = {1--10},
	Title = {{Application of thermal analysis techniques in soil science}},
	Volume = {153},
	Year = {2009}}

@article{Bouillon:2012cw,
	Author = {Bouillon, Steven and Yamb{\'e}l{\'e}, A and Spencer, Robert GM and Gillikin, D P and Hernes, P J and Six, Johan and Merckx, R and Borges, Alberto V},
	Journal = {Biogeosciences},
	Pages = {2045--2062},
	Title = {{Organic matter sources, fluxes and greenhouse gas exchange in the Oubangui River (Congo River basin)}},
	Volume = {9},
	Year = {2012}}

@article{Chikaraishi:2007hj,
	Author = {Chikaraishi, Yoshito and Naraoka, Hiroshi},
	Journal = {Organic Geochemistry},
	Pages = {198--215},
	Title = {{$\delta$$^{13}$C and $\delta$D relationships among three \emph{n}-alkyl compound classes (\emph{n}-alkanoic acid, \emph{n}-alkane and \emph{n}-alkanol) of terrestrial higher plants}},
	Volume = {38},
	Year = {2007}}

@article{Blaga:2009ge,
	Author = {Blaga, Cornelia Iulia and Reichart, Gert-Jan and Heiri, Oliver and Sinninghe Damst{\'e}, Jaap S},
	Journal = {Journal of Paleolimnology},
	Pages = {523--540},
	Title = {{Tetraether membrane lipid distributions in water-column particulate matter and sediments: a study of 47 European lakes along a north{\textendash}south transect}},
	Volume = {41},
	Year = {2009}}

@article{dosSantos:2007ca,
	Author = {Santos, Guaciara M and Southon, J R and Griffin, S and Beaupr{\'e}, Steven R and Druffel, Ellen RM},
	Journal = {Nuclear Instruments and Methods in Physics Research Section B: Beam Interactions with Materials and Atoms},
	Pages = {293--302},
	Title = {{Ultra small-mass AMS $^{14}$C sample preparation and analyses at KCCAMS/UCI Facility}},
	Volume = {259},
	Year = {2007}}

@article{Ali:2005ab,
	Author = {Ali, H A M and Mayes, R W and Hector, B L and Orskov, E R},
	Journal = {Animal Feed Science and Technology},
	Pages = {257--271},
	Title = {{Assessment of \emph{n}-alkanes, long-chain fatty alcohols and long-chain fatty acids as diet composition markers: The concentrations of these compounds in rangeland species from Sudan}},
	Volume = {121},
	Year = {2005}}

@article{Mariotti:1991vx,
	Author = {Mariotti, Andr{\'e} and Gadel, Fran{\c c}ois and Giresse, Pierre and Kinga-Mouzeo},
	Journal = {Chemical Geology},
	Pages = {345--357},
	Title = {{Carbon isotope composition and geochemistry of particulate organic matter in the Congo River (Central Africa): application to the study of Quaternary sediments off the mouth of the river}},
	Volume = {86},
	Year = {1991}}

@article{Hayes:1993wa,
	Author = {Hayes, John M},
	Journal = {Marine Geology},
	Pages = {111--125},
	Title = {{Factors controlling $^{13}$C contents of sedimentary organic compounds: Principles and evidence}},
	Volume = {113},
	Year = {1993}}

@article{Bugalho:2004kj,
	Author = {Bugalho, M N and Dove, H and Kelman, W and Wood, J T and Mayes, R W},
	Journal = {Rangeland Ecology and Management},
	Pages = {259--268},
	Title = {{Plant wax alkanes and alcohols as herbivore diet composition markers}},
	Volume = {57},
	Year = {2004}}

@article{Wang:2013jz,
	Author = {Wang, Yiming V and Larsen, Thomas and Leduc, Guillaume and Andersen, Nils and Blanz, Thomas and Schneider, Ralph R},
	Journal = {Geochimica et Cosmochimica Acta},
	Pages = {128--139},
	Title = {{What does leaf wax $\delta$D from a mixed C$_{3}$/C$_{4}$ vegetation region tell us?}},
	Volume = {111},
	Year = {2013}}

@article{LopezCapel:2006bc,
	Author = {Lopez-Capel, Elisa and Abbott, G D and Thomas, K M and Manning, D A C},
	Journal = {Journal of Analytical and Applied Pyrolysis},
	Pages = {82--89},
	Title = {{Coupling of thermal analysis with quadrupole mass spectrometry and isotope ratio mass spectrometry for simultaneous determination of evolved gases and their carbon isotopic composition}},
	Volume = {75},
	Year = {2006}}

@article{Diefendorf:2011hg,
	Author = {Diefendorf, Aaron F and Freeman, Katherine H and Wing, Scott L and Graham, Heather V},
	Journal = {Geochimica et Cosmochimica Acta},
	Month = dec,
	Number = {23},
	Pages = {7472--7485},
	Title = {{Production of \emph{n}-alkyl lipids in living plants and implications for the geologic past}},
	Volume = {75},
	Year = {2011}}

@article{Garcin:2014hg,
	Author = {Garcin, Yannick and Schefu{\ss}, Enno and Schwab, Val{\'e}rie F and Garreta, Vincent and Gleixner, Gerd and Vincens, Annie and Todou, Gilbert and S{\'e}n{\'e}, Olivier and Onana, Jean-Michel and Achoundong, Gaston and Sachse, Dirk},
	Journal = {Geochimica et Cosmochimica Acta},
	Pages = {482--500},
	Title = {{Reconstructing C$_{3}$ and C$_{4}$ vegetation cover using \emph{n}-alkane carbon isotope ratios in recent lake sediments from Cameroon, Western Central Africa}},
	Volume = {142},
	Year = {2014}}

@article{DeJonge:2014fs,
	Author = {De Jonge, Cindy and Stadnitskaia, Alina and Hopmans, Ellen C and Cherkashov, Georgy and Fedotov, Andrey and Sinninghe Damst{\'e}, Jaap S},
	Journal = {Geochimica et Cosmochimica Acta},
	Pages = {476--491},
	Title = {{In situ produced branched glycerol dialkyl glycerol tetraethers in suspended particulate matter from the Yenisei River, Eastern Siberia}},
	Volume = {125},
	Year = {2014}}

@article{Weijers:2011bn,
	Author = {Weijers, J W H and Bernhardt, Beth and Peterse, Francien and Werne, Josef P and Dungait, Jennifer A J and Schouten, Stefan and Sinninghe Damst{\'e}, Jaap S},
	Journal = {Geochimica et Cosmochimica Acta},
	Pages = {3179--3190},
	Title = {{Absence of seasonal patterns in MBT-CBT indices in mid-latitude soils}},
	Volume = {75},
	Year = {2011}}

@article{Schefuss:2016cp,
	Author = {Schefu{\ss}, Enno and Eglinton, Timothy I and Spencer-Jones, Charlotte L and Rullk{\"o}tter, J{\"u}rgen and De Pol-Holz, Ricardo and Talbot, Helen M and Grootes, Pieter M and Schneider, Ralph R},
	Journal = {Nature Geoscience},
	Pages = {687--690},
	Title = {{Hydrologic control of carbon cycling and aged carbon discharge in the Congo River basin}},
	Volume = {9},
	Year = {2016}}

@article{Cranwell:1981vg,
	Author = {Cranwell, P A},
	Journal = {Organic Geochemistry},
	Pages = {79--89},
	Title = {{Diagenesis of free and bound lipids in terrestrial detritus deposited in a lacustrine sediment}},
	Volume = {3},
	Year = {1981}}

@article{Peters:1986uc,
	Author = {Peters, K E},
	Journal = {AAPG Bulletin},
	Pages = {318--329},
	Title = {{Guidelines for Evaluating Petroleum Source Rock Using Programmed Pyrolysis}},
	Volume = {70},
	Year = {1986}}

@article{Perdue:2007fn,
	Author = {Perdue, E Michael and Koprivnjak, Jean-Fran{\c c}ois},
	Journal = {Estuarine, Coastal and Shelf Science},
	Pages = {65--72},
	Title = {{Using the C/N ratio to estimate terrigenous inputs of organic matter to aquatic environments}},
	Volume = {73},
	Year = {2007}}

@article{Coynel:2005cn,
	Author = {Coynel, Alexandra and Meybeck, M and Seyler, Patrick and Etcheber, Henri and Orange, Didier},
	Journal = {Global Biogeochemical Cycles},
	Pages = {GB4019},
	Title = {{Spatial and seasonal dynamics of total suspended sediment and organic carbon species in the Congo River}},
	Volume = {19},
	Year = {2005}}

@article{Rosenheim:2012kh,
	Author = {Rosenheim, B E and Galy, Valier V},
	Journal = {Geophysical Research Letters},
	Pages = {L19703},
	Title = {{Direct measurement of riverine particulate organic carbon age structure}},
	Volume = {39},
	Year = {2012}}

@article{Copard:2007bf,
	Author = {Copard, Yoann and Amiotte-Suchet, Philippe and Di-Giovanni, Christian},
	Journal = {Earth and Planetary Science Letters},
	Pages = {345--357},
	Title = {{Storage and release of fossil organic carbon related to weathering of sedimentary rocks}},
	Volume = {258},
	Year = {2007}}

@article{Nelder:1965tk,
	Author = {Nelder, J A and Mead, R},
	Journal = {The computer journal},
	Pages = {308--313},
	Title = {{A simplex method for function minimization}},
	Volume = {7},
	Year = {1965}}

@article{Hobbie:2004iq,
	Author = {Hobbie, E A and Werner, R A},
	Journal = {New Phytologist},
	Pages = {371--385},
	Title = {{Intramolecular, compound-specific, and bulk carbon isotope patterns in C$_{3}$ and C$_{4}$ plants: a review and synthesis}},
	Volume = {161},
	Year = {2004}}

@article{Duarte:1992tp,
	Author = {Duarte, Carlos M},
	Journal = {Limnology and oceanography},
	Pages = {882--889},
	Title = {{Nutrient concentration of aquatic plants: Patterns across species}},
	Volume = {37},
	Year = {1992}}

@article{Hedges:2000tn,
	Author = {Hedges, J I and Mayorga, E and Tsamakis, E and McClain, M E and Aufdenkampe, Anthony K and Quay, P D and Richey, Jeffrey E and Benner, R and Opsahl, Steve and Black, B and Pimintel, T and Quintanilla, J and Maurice, L},
	Journal = {Limnology and oceanography},
	Pages = {1449--1466},
	Title = {{Organic matter in Bolivian tributaries of the Amazon River: A comparison to the lower mainstream}},
	Volume = {45},
	Year = {2000}}

@article{Sanchi:2014iq,
	Author = {Sanchi, Lise and M{\'e}not, Guillemette and Bard, Edouard},
	Journal = {Quaternary Science Reviews},
	Pages = {98--108},
	Title = {{Insights into continental temperatures in the northwestern Black Sea area during the Last Glacial period using branched tetraether lipids}},
	Volume = {84},
	Year = {2014}}

@article{Huguet:2010di,
	Author = {Huguet, Arnaud and Fosse, Celine and Laggoun-D{\'e}farge, Fatima and Toussaint, Marie-Laure and Derenne, Sylvie},
	Journal = {Organic Geochemistry},
	Pages = {559--572},
	Title = {{Occurrence and distribution of glycerol dialkyl glycerol tetraethers in a French peat bog}},
	Volume = {41},
	Year = {2010}}

@article{Thomas:1993us,
	Author = {Thomas, R J and Asakawa, N M},
	Journal = {Soil Biology and Biochemistry},
	Pages = {1351--1361},
	Title = {{Decomposition of leaf litter from tropical forage grasses and legumes}},
	Volume = {25},
	Year = {1993}}

@article{Stuiver:1977uh,
	Author = {Stuiver, Minze and Polach, Henry A},
	Journal = {Radiocarbon},
	Pages = {355--363},
	Title = {{Discussion: Reporting of $^{14}$C data}},
	Volume = {19},
	Year = {1977}}

@article{Galy:2011hk,
	Author = {Galy, Valier V and Eglinton, Timothy I},
	Journal = {Nature Geoscience},
	Pages = {843--847},
	Title = {{Protracted storage of biospheric carbon in the Ganges-Brahmaputra basin}},
	Volume = {4},
	Year = {2011}}

@article{Wang:2012fb,
	Author = {Wang, Zheng and Liu, Weiguo},
	Journal = {Organic Geochemistry},
	Pages = {36--43},
	Title = {{Carbon chain length distribution in \emph{n}-alkyl lipids: A process for evaluating source inputs to Lake Qinghai}},
	Volume = {50},
	Year = {2012}}

@article{Diefendorf:2010kb,
	Author = {Diefendorf, Aaron F and Mueller, K E and Wing, S L and Koch, P L and Freeman, Katherine H},
	Journal = {Proceedings of the National Academy of Sciences},
	Pages = {5738--5743},
	Title = {{Global patterns in leaf $^{13}$C discrimination and implications for studies of past and future climate}},
	Volume = {107},
	Year = {2010}}

@article{SinningheDamste:2002ud,
	Author = {Sinninghe Damst{\'e}, Jaap S and Rijpstra, W Irene C and Reichart, G J},
	Journal = {Geochimica et Cosmochimica Acta},
	Pages = {2737--2754},
	Title = {{The influence of oxic degradation on the sedimentary biomarker record II. Evidence from Arabian Sea sediments}},
	Volume = {66},
	Year = {2002}}

@article{Berner:1983uk,
	Author = {Berner, R A and Lasaga, Antonio C and Garrels, Robert M},
	Journal = {American Journal of Science},
	Pages = {641--683},
	Title = {{The carbonate-silicate geochemical cycle and its effect on atmospheric carbon dioxide over the past 100 million years}},
	Volume = {283},
	Year = {1983}}

@article{Gordon:2004id,
	Author = {Gordon, Elizabeth S and Go{\~n}i, Miguel A},
	Journal = {Marine Chemistry},
	Pages = {331--352},
	Title = {{Controls on the distribution and accumulation of terrigenous organic matter in sediments from the Mississippi and Atchafalaya river margin}},
	Volume = {92},
	Year = {2004}}

@article{ShahWalter:2015iu,
	Author = {Shah Walter, Sunita and Gagnon, Alan and Roberts, Mark and McNichol, Ann P and Lardie Gaylord, Mary and Klein, Elizabeth},
	Journal = {Radiocarbon},
	Pages = {109--122},
	Title = {{Ultra-Small graphitization reactors for ultra-microscale $^{14}$C analysis at the National Ocean Sciences Accelerator Mass Spectrometry (NOSAMS) facility}},
	Volume = {57},
	Year = {2015}}

@article{Gao:2011dj,
	Author = {Gao, Li and Hou, Juzhi and Toney, Jaime and MacDonald, Dana and Huang, Yongsong},
	Journal = {Geochimica et Cosmochimica Acta},
	Pages = {3781--3791},
	Title = {{Mathematical modeling of the aquatic macrophyte inputs of mid-chain \emph{n}-alkyl lipids to lake sediments: Implications for interpreting compound specific hydrogen isotopic records}},
	Volume = {75},
	Year = {2011}}

@article{Hossler:2012jh,
	Author = {Hossler, Katie and Bauer, J E},
	Journal = {Journal of Geophysical Research},
	Pages = {G03035},
	Title = {{Estimation of riverine carbon and organic matter source contributions using time-based isotope mixing models}},
	Volume = {117},
	Year = {2012}}

@article{Mann:2012kp,
	Author = {Mann, Paul J and Davydova, A and Zimov, N and Spencer, Robert GM and Davydov, S and Bulygina, E and Zimov, S and Holmes, Robert M},
	Journal = {Journal of Geophysical Research},
	Pages = {G01028},
	Title = {{Controls on the composition and lability of dissolved organic matter in Siberia's Kolyma River basin}},
	Volume = {117},
	Year = {2012}}

@article{Tierney:2010br,
	Author = {Tierney, Jessica E and Russell, James M and Eggermont, H and Hopmans, Ellen C and Verschuren, D and Sinninghe Damst{\'e}, Jaap S},
	Journal = {Geochimica et Cosmochimica Acta},
	Pages = {4902--4918},
	Title = {{Environmental controls on branched tetraether lipid distributions in tropical East African lake sediments}},
	Volume = {74},
	Year = {2010}}

@article{Tao:2015bq,
	Author = {Tao, Shuqin and Eglinton, Timothy I and Montlu{\c c}on, Daniel B and McIntyre, Cameron and Zhao, Meixun},
	Journal = {Earth and Planetary Science Letters},
	Pages = {77--86},
	Title = {{Pre-aged soil organic carbon as a major component of the Yellow River suspended load: Regional significance and global relevance}},
	Volume = {414},
	Year = {2015}}

@article{DeJonge:2014kw,
	Author = {De Jonge, Cindy and Hopmans, Ellen C and Zell, Claudia I and Kim, Jung-Hyun and Schouten, Stefan and Sinninghe Damst{\'e}, Jaap S},
	Journal = {Geochimica et Cosmochimica Acta},
	Pages = {97--112},
	Title = {{Occurrence and abundance of 6-methyl branched glycerol dialkyl glycerol tetraethers in soils: Implications for palaeoclimate reconstruction}},
	Volume = {141},
	Year = {2014}}

@incollection{Freeman:2014gi,
	Address = {Amsterdam},
	Author = {Freeman, Katherine H and Pancost, Richard D},
	Booktitle = {Treatise on Geochemistry},
	Editor = {Turekian, H D and Holland, K K},
	Pages = {395--416},
	Publisher = {Elsevier Ltd.},
	Title = {{Biomarkers for Terrestrial Plants and Climate}},
	Year = {2014}}

@article{Agrawal:2014fl,
	Author = {Agrawal, Shailesh and Galy, Valier V and Sanyal, Prasanta and Eglinton, Timothy I},
	Journal = {Organic Geochemistry},
	Pages = {58--71},
	Title = {{C$_{4}$ plant expansion in the Ganga Plain during the last glacial cycle: Insights from isotopic composition of vascular plant biomarkers}},
	Volume = {67},
	Year = {2014}}

@article{Rosenheim:2013dka,
	Author = {Rosenheim, B E and Roe, Kimberly M and Roberts, Brian J and Kolker, Alexander S and Allison, Mead A and Johannesson, Karen H},
	Journal = {Global Biogeochemical Cycles},
	Pages = {154--166},
	Title = {{River discharge influences on particulate organic carbon age structure in the Mississippi/Atchafalaya River System}},
	Volume = {27},
	Year = {2013}}

@article{Gustafsson:2011ht,
	Author = {Gustafsson, {\"O}rjan and van Dongen, Bart E and Vonk, Jorien E and Dudarev, O V and Semiletov, I P},
	Journal = {Biogeosciences},
	Pages = {1737--1743},
	Title = {{Widespread release of old carbon across the Siberian Arctic echoed by its large rivers}},
	Volume = {8},
	Year = {2011}}

@article{Eglinton:1962uj,
	Author = {Eglinton, Geoffrey and Gonzalez, A G and Hamilton, R J and Raphael, R A},
	Journal = {Phytochemistry},
	Pages = {89--102},
	Title = {{Hydrocarbon constituents of the wax coatings of plant leaves: A taxonomic survey}},
	Volume = {1},
	Year = {1962}}

@article{Anderson:1994vb,
	Author = {Anderson, L A and Sarmiento, J L},
	Journal = {Global Biogeochemical Cycles},
	Pages = {65--80},
	Title = {{Redfield ratios of remineralization determined by nutrient data analysis}},
	Volume = {8},
	Year = {1994}}

@article{Feakins:2013ks,
	Author = {Feakins, Sarah J and Levin, N E and Liddy, H M and Sieracki, A and Eglinton, Timothy I and Bonnefille, R},
	Journal = {Geology},
	Pages = {295--298},
	Title = {{Northeast African vegetation change over 12 m.y.}},
	Volume = {41},
	Year = {2013}}

@article{Hopmans:2000ti,
	Author = {Hopmans, Ellen C and Schouten, Stefan and Pancost, Richard D and van der Meer, Marcel T J and Sinninghe Damst{\'e}, Jaap S},
	Journal = {Rapid Communications in Mass Spectrometry},
	Pages = {585--589},
	Title = {{Analysis of intact tetraether lipids in archaeal cell material and sediments by high performance liquid chromatography/atmospheric pressure chemical ionization mass spectrometry}},
	Volume = {14},
	Year = {2000}}

@article{Carvalhais:2014dc,
	Author = {Carvalhais, Nuno and Forkel, Matthias and Khomik, Myroslava and Bellarby, Jessica and Jung, Martin and Migliavacca, Mirco and $\mathrm{M}$u, Mingquan and Saatchi, Sassan and Santoro, Maurizio and Thurner, Martin and Weber, Ulrich and Ahrens, Bernhard and Beer, Christian and Cescatti, Alessandro and Randerson, James T and Reichstein, Markus},
	Journal = {Nature},
	Pages = {213--217},
	Title = {{Global covariation of carbon turnover times with climate in terrestrial ecosystems}},
	Volume = {514},
	Year = {2014}}

@article{Laraque:2009fz,
	Author = {Laraque, Alain and Bricquet, Jean Pierre and Pandi, Albert and Olivry, Jean Claude},
	Journal = {Hydrological Processes},
	Pages = {3216--3224},
	Title = {{A review of material transport by the Congo River and its tributaries}},
	Volume = {23},
	Year = {2009}}

@article{Peterse:2015ef,
	Author = {Peterse, Francien and Moy, C M and Eglinton, Timothy I},
	Journal = {Biogeosciences},
	Pages = {933--943},
	Title = {{A laboratory experiment on the behaviour of soil-derived core and intact polar GDGTs in aquatic environments}},
	Volume = {12},
	Year = {2015}}

@article{Talbot:2014jd,
	Author = {Talbot, Helen M and Handley, Luke and Spencer-Jones, Charlotte L and Dinga, Bienvenu Jean and Schefu{\ss}, Enno and Mann, Paul J and Poulsen, John R and Spencer, Robert GM and Wabakanghanzi, Jose N and Wagner, Thomas},
	Journal = {Geochimica et Cosmochimica Acta},
	Pages = {387--401},
	Title = {{Variability in aerobic methane oxidation over the past 1.2 Myrs recorded in microbial biomarker signatures from Congo fan sediments}},
	Volume = {133},
	Year = {2014}}

@incollection{Spencer:2014vp,
	Address = {New York, NY},
	Author = {Spencer, Robert GM and Stubbins, A and Gaillardet, J},
	Booktitle = {Biogeochemical Dynamics at Major River-Coastal Interfaces},
	Date-Modified = {2016-10-08 21:24:42 +0000},
	Editor = {Bianchi, T S and Allison, Mead A and Cai, Wei-Jun},
	Pages = {554--583},
	Publisher = {Cambridge University Press},
	Title = {{Geochemistry of the Congo River, Estuary, and Plume}},
	Year = {2014}}

@article{Oliphant:2007ud,
	Author = {Oliphant, Travis E},
	Journal = {Computing in Science Engineering},
	Pages = {10--20},
	Title = {{Python for scientific computing}},
	Volume = {9},
	Year = {2007}}

@article{White:2011iz,
	Author = {White, John E and Catallo, W James and Legendre, Benjamin L},
	Journal = {Journal of Analytical and Applied Pyrolysis},
	Pages = {1--33},
	Title = {{Biomass pyrolysis kinetics: A comparative critical review with relevant agricultural residue case studies}},
	Volume = {91},
	Year = {2011}}

@incollection{Legendre:1998tt,
	Address = {Amsterdam},
	Author = {Legendre, P and Legendre, L},
	Booktitle = {Numerical Ecology},
	Pages = {535--636},
	Publisher = {Elsevier},
	Title = {{Canonical Analysis}},
	Year = {1998}}

@article{Powers:2002wg,
	Author = {Powers, J S and Schlesinger, W H},
	Journal = {Geoderma},
	Pages = {165--190},
	Title = {{Relationships among soil carbon distributions and biophysical factors at nested spatial scales in rain forests of northeastern Costa Rica}},
	Volume = {109},
	Year = {2002}}

@article{Cleveland:2007hka,
	Author = {Cleveland, Cory C and Liptzin, Daniel},
	Journal = {Biogeochemistry},
	Pages = {235--252},
	Title = {{C:N:P stoichiometry in soil: Is there a {\textquotedblleft}Redfield ratio{\textquotedblright} for the microbial biomass?}},
	Volume = {85},
	Year = {2007}}

@article{Galy:2008ff,
	Author = {Galy, Valier V and Beyssac, O and France-Lanord, Christian and Eglinton, Timothy I},
	Journal = {Science},
	Pages = {943--945},
	Title = {{Recycling of Graphite During Himalayan Erosion: A Geological Stabilization of Carbon in the Crust}},
	Volume = {322},
	Year = {2008}}

@article{Gao:2014bk,
	Author = {Gao, Li and Edwards, Erika J and Zeng, Yongbo and Huang, Yongsong},
	Journal = {PLoS ONE},
	Pages = {e112610--10},
	Title = {{Major Evolutionary Trends in Hydrogen Isotope Fractionation of Vascular Plant Leaf Waxes}},
	Volume = {9},
	Year = {2014}}

@article{Schefuss:2005jo,
	Author = {Schefu{\ss}, Enno and Schouten, Stefan and Schneider, Ralph R},
	Journal = {Nature},
	Pages = {1003--1006},
	Title = {{Climatic controls on central African hydrology during the past 20,000 years}},
	Volume = {437},
	Year = {2005}}

@article{McNichol:1994ty,
	Author = {McNichol, Ann P and Osborne, E A and Gagnon, Alan and Fry, Brian and Jones, G A},
	Journal = {Nuclear Instruments and Methods in Physics Research Section B: Beam Interactions with Materials and Atoms},
	Pages = {162--165},
	Title = {{TIC, TOC, DIC, DOC, PIC, POC {\textemdash} unique aspects in the preparation of oceanographic samples for $^{14}$C-AMS}},
	Volume = {92},
	Year = {1994}}

@article{SpencerJones:2015bn,
	Author = {Spencer-Jones, Charlotte L and Wagner, Thomas and Dinga, Bienvenu J and Schefu{\ss}, Enno and Mann, Paul J and Poulsen, John R and Spencer, Robert GM and Wabakanghanzi, Jose N and Talbot, Helen M},
	Journal = {Organic Geochemistry},
	Pages = {1--13},
	Title = {{Bacteriohopanepolyols in tropical soils and sediments from the Congo River catchment area}},
	Volume = {89-90},
	Year = {2015}}

@article{Kim:2012fq,
	Author = {Kim, Jung-Hyun and Zell, Claudia I and Moreira-Turcq, Patricia and P{\'e}rez, Marcela A P and Abril, Gwena{\"e}l and Mortillaro, Jean-Michel and Weijers, J W H and Meziane, Tarik and Sinninghe Damst{\'e}, Jaap S},
	Journal = {Geochimica et Cosmochimica Acta},
	Pages = {163--180},
	Title = {{Tracing soil organic carbon in the lower Amazon River and its tributaries using GDGT distributions and bulk organic matter properties}},
	Volume = {90},
	Year = {2012}}

@article{Pancost:2002un,
	Author = {Pancost, Richard D and Baas, Marianne and van Geel, Bas and Sinninghe Damst{\'e}, Jaap S},
	Journal = {Organic Geochemistry},
	Pages = {675--690},
	Title = {{Biomarkers as proxies for plant inputs to peats: An example from a sub-boreal ombrotrophic bog}},
	Volume = {33},
	Year = {2002}}

@article{Weijers:2007fp,
	Author = {Weijers, J W H and Schefu{\ss}, Enno and Schouten, Stefan and Sinninghe Damst{\'e}, Jaap S},
	Journal = {Science},
	Pages = {1701--1704},
	Title = {{Coupled Thermal and Hydrological Evolution of Tropical Africa over the Last Deglaciation}},
	Volume = {315},
	Year = {2007}}

@article{Weijers:2009iu,
	Author = {Weijers, J W H and Schouten, Stefan and Schefu{\ss}, Enno and Schneider, Ralph R and Sinninghe Damst{\'e}, Jaap S},
	Journal = {Geochimica et Cosmochimica Acta},
	Pages = {119--132},
	Title = {{Disentangling marine, soil and plant organic carbon contributions to continental margin sediments: A multi-proxy approach in a 20,000 year sediment record from the Congo deep-sea fan}},
	Volume = {73},
	Year = {2009}}

@article{Hopmans:2016fo,
	Author = {Hopmans, Ellen C and Schouten, Stefan and Sinninghe Damst{\'e}, Jaap S},
	Journal = {Organic Geochemistry},
	Pages = {1--6},
	Title = {{The effect of improved chromatography on GDGT-based palaeoproxies}},
	Volume = {93},
	Year = {2016}}

@article{Ali:2005cr,
	Author = {Ali, H A M and Mayes, R W and Hector, B L and Verma, A K and Orskov, E R},
	Journal = {The Journal of Agricultural Science},
	Pages = {85--95},
	Title = {{The possible use of \emph{n}-alkanes, long-chain fatty alcohols and long-chain fatty acids as markers in studies of the botanical composition of the diet of free-ranging herbivores}},
	Volume = {143},
	Year = {2005}}

@article{Rosenheim:2013va,
	Author = {Rosenheim, B E and Domack, E W and Santoro, J A and Gunter, M},
	Journal = {Radiocarbon},
	Pages = {115--126},
	Title = {{Improving Antarctic sediment $^{14}$C dating using ramped pyrolysis: An example from the Hugo Island Trough}},
	Volume = {55},
	Year = {2013}}

@article{Reimer:2004th,
	Author = {Reimer, Paula J and Brown, Thomas A and Reimer, Ron W},
	Journal = {Radiocarbon},
	Pages = {1299--1304},
	Title = {{Discussion: Reporting and calibration of post-bomb $^{14}$C data}},
	Volume = {46},
	Year = {2004}}

@article{Loomis:2011dr,
	Author = {Loomis, Shannon E and Russell, James M and Sinninghe Damst{\'e}, Jaap S},
	Journal = {Organic Geochemistry},
	Pages = {739--751},
	Title = {{Distributions of branched GDGTs in soils and lake sediments from western Uganda: Implications for a lacustrine paleothermometer}},
	Volume = {42},
	Year = {2011}}

@article{Szidat:2004kx,
	Author = {Szidat, S and Jenk, T M and G{\"a}ggeler, H W and Synal, H-A and Hajdas, I and Bonani, G and Saurer, M},
	Journal = {Nuclear Instruments and Methods in Physics Research Section B: Beam Interactions with Materials and Atoms},
	Pages = {829--836},
	Title = {{THEODORE, a two-step heating system for the EC/OC determination of radiocarbon ($^{14}$C) in the environment}},
	Volume = {223-224},
	Year = {2004}}

@article{Spencer:2016ho,
	Author = {Spencer, Robert GM and Hernes, P J and Dinga, Bienvenu J and Wabakanghanzi, Jose N and Drake, Travis W and Six, Johan},
	Journal = {Global Biogeochemical Cycles},
	Pages = {BG005427},
	Title = {{Origins, seasonality, and fluxes of organic matter in the Congo River}},
	Volume = {30},
	Year = {2016}}
